1686 3135
322 156 483 207 *143-

54 276 179 334 naastan
199 288 223 322 et
243 281 303 328 salva
322 278 378 334 juris
397 276 486 331 jurandi
508 277 617 335 religione
630 279 751 323 tmurn'mnrr

47 355 186 385 veonsensum
203 349 292 390 patrum
312 338 456 394 praetendere
474 334 573 391 possitis,
594 335 687 380 minime
706 338 751 380 sul-

55 401 180 446 recturum,
195 408 221 438 ut
235 396 326 444 dicatis,
341 394 374 435 sic
390 394 506 441 Hilarius,
522 394 663 443 Anthemius,
676 410 750 450 augre.
771 397 772 400 ’

55 459 141 506 stinus3
166 457 202 497 vei
225 455 293 496 etiam
319 453 384 493 nullo
403 452 470 492 citato
495 452 554 492 nude
575 452 686 501 asseratis,
705 469 753 496 esse

57 518 180 556 unanimem
200 515 297 554 onmium
318 526 449 552 consensum.
486 510 666 566 Quanta-cunque
688 511 753 554 enirn

55 571 157 628 priorum
173 570 240 611 sitin
256 568 340 625 exegesi
353 566 485 611 summitas.
501 579 546 608 non
562 566 596 606 illi
616 577 690 610 tamen
710 583 754 611 von

56 632 82 672 ab
98 628 235 683 obligatione
249 625 369 682 indagandi
384 624 544 679 auferendique
565 623 681 667 universos
701 641 754 682 pos-f

55 697 110 728 sunt
124 686 250 732 absolvere,
266 684 309 724 nisi
324 681 423 738 perjurii,
440 682 507 724 etiarn
522 682 600 722 fiscum
614 683 686 723 facere
701 685 751 725 vul-

56 744 83 784 tis
97 741 223 783 lectoribus.
254 743 329 797 Quam
344 750 420 782 autem
431 738 546 795 posteriori
556 739 652 794 generali
668 752 750 782 asserto

55 815 134 857 parurn
148 800 293 839 tribuendum
308 797 343 848 sit,
356 796 410 838 satis
426 801 470 849 jam
486 797 562 837 doctus
577 810 627 836 sum
638 797 751 851 experien-

55 859 89 900 tia
101 856 133 896 ibi
148 857 228 904 etiam,
242 855 283 895 ubi
297 853 411 896 unanimis
427 869 547 897 consensus
561 854 714 910 praetenditur
724 854 750 897 in

55 931 80 957 ea
96 928 229 969 quoquere,
244 928 301 968 quae
317 913 376 953 inter
391 912 486 953 Latinos
502 922 553 952 ante
568 914 668 953 secutum
684 913 750 967 quin-

54 984 104 1018 tum
120 970 234 1019 inaudita,
263 970 322 1010 inter
338 973 433 1011 Graecos
449 980 523 1009 autent
537 969 591 1011 ind-e
607 972 634 1012 ab
653 972 749 1012 exordio

53 1029 79 1071 in
96 1042 199 1083 praesens
215 1029 319 1070 nondum
334 1028 409 1069 audita
425 1037 462 1068 est.

116 1089 211 1134 Tertium
225 1085 284 1126 ill-nd
305 1085 380 1141 exigo,
401 1095 428 1124 ut
447 1083 486 1139 qui
506 1084 637 1126 unanimem
657 1092 750 1128 sensum

53 1144 195 1202 praetendat,
208 1158 256 1184 non
270 1142 307 1182 'eos
324 1143 391 1182 modo
407 1150 477 1197 patres
491 1140 607 1195 inspiciat,
628 1142 667 1198 qui
681 1142 706 1183 in
716 1144 750 1184 ti-

52 1205 119 1244 brum
135 1201 255 1256 quemdam
270 1214 300 1245 ex
311 1200 410 1255 professo
426 1199 567 1240 commentati
578 1210 642 1246 sunt,
656 1200 750 1241 aedom·

53 1275 92 1302 nes
108 1257 202 1300 omnino
217 1267 288 1313 patres
302 1271 342 1312 per
357 1258 433 1297 onmia
449 1253 526 1312 legerit
540 1266 561 1297 et
576 1258 677 1307 noverit3
697 1274 751 1301 cum

53 1315 187 1372 experientia
208 1323 294 1355 constet
315 1312 392 1363 obvia,
409 1314 516 1367 plurimas
535 1312 560 1353 in
582 1315 679 1355 decursu
698 1330 751 1371 ope-

53 1389 103 1416 rum
120 1372 240 1412 sententias
256 1369 339 1425 exponi
353 1383 431 1410 eorum
445 1370 513 1411 etiam
525 1369 641 1418 librorum,
657 1373 681 1413 in
693 1386 750 1429 quos

53 1432 116 1473 nulla
130 1427 290 1469 commentaria
306 1425 431 1466 ediderunt.
465 1426 557 1482 Alioqui
574 1441 630 1469 curn
651 1428 676 1471 in
695 1444 751 1486 pan-

53 1503 91 1530 cos
106 1487 174 1526 tiaras
187 1483 289 1526 universi
304 1484 449 1525 commentati
465 1484 523 1531 sint,
539 1499 586 1527 uno
602 1486 698 1528 alterove
714 1488 751 1528 in-

52 1554 129 1601 specto
143 1543 287 1598 praetendere
302 1542 433 1593 unanimem
440 1555 584 1592 eonsensum,
600 1543 633 1584 nil
649 1543 694 1586 nisi
706 1545 749 1587 im-

52 1611 145 1660 postura
159 1599 222 1641 foret.

115 1660 225 1721 Quartum
237 1673 251 1698 a
265 1658 330 1699 vobis
347 1667 411 1715 peto,
422 1668 453 1699 ut
466 1672 514 1700 non
533 1659 641 1702 continuo
661 1662 753 1708 Patrem

52 1718 78 1760 in
94 1727 189 1758 vestram
205 1716 341 1757 sententiam
357 1727 436 1757 testem
447 1730 494 1758 esse
504 1717 643 1772 existimeris,
659 1718 751 1761 sihuno

52 1776 89 1817 vel
104 1774 169 1814 illum
184 1788 275 1814 sensum
284 1773 315 1813 in
324 1773 515 1829 villorepereritis.
545 1774 678 1819 Meminisse
688 1777 751 1824 enim

54 1841 153 1889 oportet.
174 1845 360 1887 unumquemque
379 1834 465 1872 Patrem
485 1832 605 1888 profecisse
622 1847 674 1876 curn
694 1843 752 1878 terna

52 1902 118 1947 pore,
134 1901 206 1943 eoque
221 1890 261 1930 ubi
277 1889 324 1929 d'res
340 1887 399 1929 diem
415 1888 498 1937 docuit,
514 1898 614 1934 mutasse
625 1892 752 1936 etiamsen·

53 1946 146 1988 tentiae:
162 1947 226 1986 cuius
242 1944 274 1987 rei
289 1945 375 1988 illustre
391 1948 518 2002 exemplum
538 1946 623 1993 habetis
643 1949 668 1991 in
688 1947 752 1998 libris

52 2002 235 2046 retractationum
250 2002 382 2057 Augustini,
402 2014 424 2044 et
438 2003 463 2043 in
484 2004 621 2060 praefatione
639 2007 750 2063 Hierony.

53 2063 86 2104 nri
103 2062 129 2101 ad
144 2059 330 2101 commentarium
343 2059 426 2102 Abdiae
437 2065 477 2111 a),
498 2076 527 2102 ne
542 2062 598 2103 alios
612 2064 676 2106 vobis
691 2080 752 2108 com.

53 2124 187 2167 mentorem,
209 2119 248 2174 qui
268 2119 344 2158 ardore
363 2118 474 2159 scribendi
495 2130 517 2159 et
531 2121 557 2160 ah
579 2120 673 2164 scientia
693 2116 753 2169 non?

54 2178 110 2218 dum
125 2176 152 2216 act
164 2189 220 2230 opus
230 2174 285 2217 satis
301 2174 383 2230 parati,
401 2175 469 2216 etiam
489 2177 577 2232 gravius
599 2179 752 2237 deliquerunt.

53 2233 105 2277 Nisi
121 2246 172 2288 ergo
187 2233 308 2282 sciveritis,
332 2246 361 2273 an
380 2233 489 2288 quaslibet
508 2235 628 2277 sententias
649 2249 752 2281 constan-

54 2301 89 2332 ter
103 2290 248 2340 retinuerint,
270 2304 317 2331 non
338 2289 383 2331 nisi
405 2290 513 2333 fallaciter
533 2295 677 2349 praetendere
697 2311 751 2338 eum

53 2363 144 2391 sensum
159 2348 270 2402 poteritis.

116 2405 220 2468 Quintum
233 2417 307 2447 autem
323 2420 370 2453 non
384 2404 459 2450 minus
474 2423 571 2466 aequum
587 2421 631 2460 est,
654 2421 681 2453 ut
701 2426 749 2454 non

35 2462 154 2506 -contenti
176 2461 327 2521 qualicunque
351 2477 429 2515 sensa,
456 2480 509 2508 eum
541 2467 609 2509 unice
639 2469 751 2523 adferatis,

53 2536 123 2576 quem
139 2520 252 2570 universi,
269 2522 309 2577 qui
325 2522 352 2562 de
364 2521 444 2578 ¹aliquo
459 2525 509 2565 loco
525 2538 588 2567 suam
603 2537 701 2568 mentem
716 2527 752 2568 in-

53 2578 169 2626 dicarunt,
185 2586 299 2634 tatnquarn
314 2589 395 2621 eertum
412 2589 434 2622 et
449 2583 601 2625 indubitatum
621 2595 749 2632 tenuerunt.

54 2635 155 2678 Postulat
174 2633 199 2675 id
218 2645 241 2677 et
259 2635 307 2693 ipsa
321 2651 369 2696 res²
383 2646 407 2685 et
420 2640 568 2705 Pallavicinua
588 2655 690 2701 quoque,
709 2641 751 2701 qui

54 2738 193 2749 uum-—

81 2786 106 2866 a)
121 2807 182 2852 Tem·
192 2817 213 2859 a·
224 2820 246 2868 t·
260 2817 324 2868 aare.
