1686 3135
380 148 538 194 —368-

112 268 213 327 adh-iberi
227 271 297 312 Marc.
313 274 339 321 62,
356 277 390 315 ts.
402 283 443 324 pro
454 279 550 320 εναντιος.
582 270 643 314 Tum
653 283 738 323 autem,
754 275 809 330 quo-

110 330 179 372 modo
197 329 272 370 locum
288 327 325 370 hie
342 328 421 369 habeat
440 338 521 369 ventus
539 340 604 371 urens
631 345 670 373 seu
686 332 809 383 orientalia>

112 387 201 444 quando
214 387 237 428 in
249 386 332 428 nedum
345 384 474 425 removisset
483 387 577 435 tructus,
592 388 631 429 sed
645 391 720 444 potius
734 390 809 442 impu-

111 446 176 487 lisset
193 446 217 487 in
231 446 342 494 Hebraeos
367 441 501 484 occidentali
524 444 585 485 litori
604 445 728 489 adstantes?
764 444 808 489 Cui

112 501 180 545 etia-m
191 499 243 543 usui
253 501 281 543 sit
295 512 374 542 ventus
386 509 437 542 tota
449 511 518 550 nocte,
534 500 553 547 si
565 501 584 544 is
597 515 657 544 mare
668 518 713 544 non
726 518 807 559 repres-

110 560 142 601 sit
152 559 176 600 in
188 558 318 605 meridiem,
330 569 359 598 ut
370 557 478 611 extimum
489 560 562 600 sinum
573 570 680 616 retegeret
690 575 729 617 pro
740 571 807 602 trans·

112 616 162 659 itu?
179 617 225 657 Cur
237 614 301 670 fingit
311 630 370 656 mare
385 628 493 659 montellio
505 620 528 658 in
544 620 603 663 altos
617 635 690 660 annos
706 630 806 665 erectam.

111 688 165 717 cum
178 683 249 715 textus
260 673 332 713 dicat:
353 673 448 715 abstulit
463 673 519 716 illud
539 675 650 717 Dominus
665 687 733 718 vento
742 677 806 717 vehe-

109 740 187 774 mente
196 740 247 772 tota
257 732 338 773 nocte?
776 753 777 757 =

154 787 387 844 Deniquedieendnm
399 789 484 845 aliquid
496 791 523 832 de
538 805 560 837 ν,
572 802 606 837 22.
619 805 671 836 auin
686 791 733 834 ruat
746 788 806 843 nturi

110 855 183 905 aquae
197 847 243 887 illis
252 862 338 897 nrurns;
360 862 372 888 e
388 846 469 902 quibus
480 849 511 889 ita
525 851 608 904 pendet
619 848 693 892 anima
704 846 808 904 Magistri

110 906 158 955 tui,
173 905 234 946 velut
246 903 331 962 primus
346 904 375 947 sit
390 904 496 947 articulus
516 904 569 960 fidei
590 907 718 950 catholicae.
749 906 807 948 Audi

109 970 161 1020 ergo
177 960 232 1017 quid
247 961 353 1005 situram:
368 961 386 1003 si
399 963 427 1003 de
437 961 545 1005 aedificiis
559 977 631 1006 sermo
643 975 681 1015 est,
695 965 756 1007 haud
768 964 807 1005 du-

109 1022 242 1064 bie'murum
253 1019 376 1076 significate
393 1029 414 1060 at
424 1020 551 1075 saepissime
561 1022 679 1064 adhibetur
690 1037 731 1080 pro
743 1038 807 1076 pirre·

109 1081 182 1123 sidio.
203 1081 324 1127 tutandum
340 1077 373 1120 sic
387 1076 471 1118 dieitur
488 1078 515 1120 de
527 1080 627 1129 Davide‚
647 1081 708 1136 quod
724 1079 805 1121 accolis

109 1134 192 1179 deserti
209 1134 277 1177 fuerit
291 1150 333 1188 pro
348 1150 410 1178 muro
426 1135 461 1176 dte
475 1152 502 1178 ae
517 1146 581 1178 nocte
593 1141 631 1192 a);
646 1137 671 1179 in
683 1136 806 1194 proverbiis

109 1205 185 1237 autem
202 1207 254 1250 opes
271 1193 378 1236 dicuntur
392 1204 467 1235 murus
480 1195 571 1236 validas
583 1195 622 1250 b).·
642 1195 746 1237 Ieremias
761 1211 807 1236 rnu-

108 1268 149 1296 rus
166 1267 246 1293 aericus
257 1261 337 1294 contra
353 1252 460 1308 populum
478 1268 540 1294 suum
550 1253 579 1307 ε),
615 1252 720 1293 Ezechiel
734 1252 807 1310 arguit

108 1310 330 1369 pseudoprophetas,
346 1311 406 1366 quod
418 1323 441 1351 se
453 1324 499 1352 uon
509 1309 751 1367 opposuerintmnrum
764 1326 806 1366 pro

109 1371 175 1412 darno
190 1368 262 1411 lsra'e‘l
272 1369 306 1419 d).
336 1369 427 1409 Nahum
436 1366 465 1407 'de
475 1367 592 1424 Diospoli:
615 1377 668 1409 ante
680 1371 763 1409 nmrala
773 1378 807 1409 est

109 1424 184 1478 mare,¹
194 1436 265 1482 aqtrae
276 1435 349 1468 autem
360 1440 435 1467 murus
445 1426 529 1479 eiusd:
545 1435 611 1483 atque
622 1424 646 1466 id
656 1440 725 1482 genus
734 1441 806 1468 exem·

109 1487 147 1542 pla
162 1483 228 1525 obvia
239 1488 304 1532 sunt,
319 1493 346 1525 ut
359 1486 414 1524 etv.
428 1493 463 1527 22.
482 1482 562 1524 merito
575 1492 657 1525 vertas:
675 1498 744 1538 aquae
760 1484 805 1524 illis

109 1540 235 1598 praesidio,
250 1541 357 1583 tutamini
370 1548 439 1582 erant.
469 1539 512 1583 Sed
521 1539 597 1596 inquit
613 1540 719 1596 Magister
736 1556 761 1583 ex
775 1552 805 1581 ta·

109 1599 170 1641 libus
186 1598 291 1654 exemplis
305 1613 353 1640 non
369 1596 432 1653 sequi
452 1597 519 1639 etiam
535 1612 601 1639 versu
616 1598 659 1650 hoc
676 1609 710 1643 22.
727 1607 806 1640 vocent

109 1670 150 1714 pro
160 1659 270 1698 tutamine
280 1655 377 1711 positam
383 1655 419 1713 f)
433 1679 436 1683 ·
455 1653 541 1696 Audio:
562 1656 599 1696 sed
616 1652 670 1710 quis}
680 1656 704 1695 in
722 1656 806 1712 exegesi

109 1715 145 1754 vel
159 1714 277 1768 paululum
296 1711 426 1755 exercitatus
447 1710 499 1752 talia
522 1712 644 1754 obmovet?
678 1712 751 1754 Fictus
767 1713 806 1754 ille

108 1786 184 1813 arturus
200 1771 239 1812 hic
254 1771 306 1812 ideo
321 1779 379 1811 stare
393 1784 439 1810 non
456 1778 540 1824 potest,
563 1769 615 1825 quia
627 1770 654 1810 de
665 1770 804 1820 commentis,

108 1830 197 1876 subito.
208 1831 230 1871 in
243 1831 290 1870 ictu
307 1828 378 1878 oculi,
395 1843 442 1869 cnm
451 1830 528 1868 sortitu
540 1838 562 1867 ct
570 1824 680 1885 fragore,
695 1832 717 1870 in
732 1832 804 1883 ingena

106 1899 143 1929 ‘tes
153 1902 227 1928 micros
240 1889 319 1928 erectis
330 1887 394 1941 aquis
405 1890 433 1938 (ς,
445 1888 506 1938 236.)
515 1884 571 1925 nihil
588 1886 612 1925 in
624 1894 685 1928 textu
701 1898 743 1928 est:
758 1900 805 1926 non

108 1944 155 1988 nisi
167 1959 217 2001 ergo
229 1954 318 2001 poetam
332 1943 465 2000 Magistrum
480 1952 545 1982 tuum
561 1942 593 1984 sic
610 1943 751 1998 interpretari
769 1944 805 1982 de-

109 2014 151 2046 cet.
182 2004 226 2044 Sed
236 2010 345 2058 repugnat
354 2010 467 2056 praeterea
479 2000 579 2042 Psalmus
594 2011 650 2050 113,
671 2002 709 2042 ubi
723 2003 750 2042 de
761 2003 804 2042 lroc'

108 2061 204 2103 transitu
217 2059 299 2102 dieitur
307 2075 312 2101 :
320 2070 322 2073 ’
329 2075 389 2101 mare
399 2061 459 2100 vidit
473 2067 494 2101 er
499 2054 569 2117 fugit
579 2074 600 2100 v.
610 2070 643 2104 13,
654 2069 676 2100 et
686 2059 769 2099 iterum
785 2068 804 2102 5.

108 2121 179 2175 „qnid
192 2129 226 2160 est
236 2118 279 2161 riht
288 2134 348 2159 natare
357 2119 416 2175 quod
425 2114 528 2176 fregisti?
555 2118 588 2157 An
601 2117 656 2159 haec
674 2132 720 2157 non
733 2115 804 2171 nragis

108 2177 259 2219 consentanea
276 2186 330 2217 sunt
347 2174 490 2230 explicationi
512 2176 644 2222 Michaelis,
672 2188 732 2229 Unam
748 2173 805 2214 ludi·

107 2235 151 2277 cris
165 2234 263 2275 inventis
279 2232 399 2290 Magistri?
429 2233 490 2274 Adde
506 2232 610 2287 denique,
623 2189 719 2273 fundum
737 2232 803 2272 maris

108 2305 156 2333 non
165 2291 232 2332 luisse
244 2306 256 2332 e
267 2306 376 2333 marmore
386 2291 471 2347 polito,
488 2301 509 2331 et
525 2289 636 2346 intelliges
652 2299 735 2331 retecto
757 2304 803 2344 ma·

107 2349 228 2404 iori'parte
243 2348 327 2398 fundo,
351 2346 482 2389 remansisse
503 2346 556 2388 hinc
569 2357 591 2387 et
611 2347 664 2388 inde
682 2347 802 2402 voragines

108 2406 177 2447 etiam
187 2406 356 2461 profundiorem
371 2420 426 2461 quae
439 2407 466 2446 ab
479 2406 546 2445 latere
563 2405 712 2446 Hebraeorum
730 2407 802 2445 hostes

108 2459 226 2511 arcebant,
242 2474 328 2520 tergum
340 2462 431 2504 illorum
440 2463 502 2518 sequi
513 2473 607 2504 coactos.

166 2523 201 2563 Ne
216 2533 290 2561 autem
309 2520 332 2561 in
351 2525 408 2562 ricto
425 2534 495 2571 erres,
510 2521 598 2560 adverte
615 2532 669 2562 anari
689 2532 744 2561 atum
760 2531 802 2560 urm

107 2578 214 2621 Hebraeis
231 2593 278 2621 non
296 2579 380 2636 opponi
396 2579 487 2620 lrzrrrrt'dc
504 2589 542 2619 aut
560 2580 645 2630 lutoso5
669 2579 708 2619 sed
733 2588 803 2618 terrae

106 2685 245 2693 Μ

136 2751 350 2807 α)1Βες.25ς16.
381 2751 506 2801 mamre.
541 2755 649 2805 c)r‚1s.
685 2751 801 2803 cnam,

165 2808 224 2865 e)}3,
240 2819 260 2855 ὃ,
284 2810 315 2870 j)
329 2812 453 2851 lustrasti
466 2818 514 2853 test.
530 2811 591 2853 Tomi
604 2820 623 2853 1.
632 2824 654 2864 p.
668 2817 716 2853 136.
