<?xml version="1.0" encoding="UTF-8"?>
<!DOCTYPE html PUBLIC "-//W3C//DTD XHTML 1.0 Transitional//EN"
    "http://www.w3.org/TR/xhtml1/DTD/xhtml1-transitional.dtd">
<html xmlns="http://www.w3.org/1999/xhtml" xml:lang="en" lang="en">
 <head>
  <title>
</title>
<meta http-equiv="Content-Type" content="text/html;charset=utf-8" />
  <meta name='ocr-system' content='tesseract 3.04.00' />
  <meta name='ocr-capabilities' content='ocr_page ocr_carea ocr_par ocr_line ocrx_word'/>
</head>
<body>
  <div class='ocr_page' id='page_1' title='image "MN41804ucmf_3_0090.png"; bbox 0 0 1686 3135; ppageno 0'>
   <div class='ocr_carea' id='block_1_1' title="bbox 6 445 142 494">
    <p class='ocr_par' dir='ltr' id='par_1_1' title="bbox 6 445 142 494">
     <span class='ocr_line' id='line_1_1' title="bbox 6 445 142 494; baseline -0.007 -2"><span class='ocrx_word' id='word_1_1' title='bbox 6 445 8 449; x_wconf 53' lang='grc'>’</span> <span class='ocrx_word' id='word_1_2' title='bbox 71 451 142 494; x_wconf 74' lang='lat' dir='ltr'><strong>uehat.</strong></span> 
     </span>
    </p>
   </div>
   <div class='ocr_carea' id='block_1_2' title="bbox 340 115 562 201">
    <p class='ocr_par' dir='ltr' id='par_1_2' title="bbox 340 115 562 201">
     <span class='ocr_line' id='line_1_2' title="bbox 340 115 562 201; baseline -0.009 0"><span class='ocrx_word' id='word_1_3' title='bbox 340 115 562 201; x_wconf 41' lang='lat' dir='ltr'><strong>mee?</strong></span> 
     </span>
    </p>
   </div>
   <div class='ocr_carea' id='block_1_3' title="bbox 129 274 842 342">
    <p class='ocr_par' dir='ltr' id='par_1_3' title="bbox 129 274 842 342">
     <span class='ocr_line' id='line_1_3' title="bbox 129 274 842 342; baseline 0.004 -27"><span class='ocrx_word' id='word_1_4' title='bbox 129 277 156 331; x_wconf 78' lang='lat' dir='ltr'><strong>h)</strong></span> <span class='ocrx_word' id='word_1_5' title='bbox 170 277 259 318; x_wconf 79' lang='lat' dir='ltr'>Turbae</span> <span class='ocrx_word' id='word_1_6' title='bbox 269 284 392 333; x_wconf 85' lang='lat' dir='ltr'><strong>quaerunt:</strong></span> <span class='ocrx_word' id='word_1_7' title='bbox 407 275 456 330; x_wconf 80' lang='lat' dir='ltr'><strong>quis</strong></span> <span class='ocrx_word' id='word_1_8' title='bbox 465 281 499 314; x_wconf 77' lang='lat' dir='ltr'><strong>est</strong></span> <span class='ocrx_word' id='word_1_9' title='bbox 510 274 616 334; x_wconf 81' lang='lat' dir='ltr'><strong>illefilius</strong></span> <span class='ocrx_word' id='word_1_10' title='bbox 626 274 769 331; x_wconf 63' lang='lat' dir='ltr'><strong>horuirdsld?</strong></span> <span class='ocrx_word' id='word_1_11' title='bbox 825 283 842 342; x_wconf 91' lang='grc' dir='ltr'><strong>[ἑὲ</strong></span> 
     </span>
    </p>
   </div>
   <div class='ocr_carea' id='block_1_4' title="bbox 70 333 842 391">
    <p class='ocr_par' dir='ltr' id='par_1_4' title="bbox 70 333 842 391">
     <span class='ocr_line' id='line_1_4' title="bbox 70 333 842 391; baseline -0.003 -15"><span class='ocrx_word' id='word_1_12' title='bbox 70 336 128 376; x_wconf 83' lang='lat' dir='ltr'><strong>Tota</strong></span> <span class='ocrx_word' id='word_1_13' title='bbox 144 344 219 375; x_wconf 80' lang='lat' dir='ltr'><strong>aurem</strong></span> <span class='ocrx_word' id='word_1_14' title='bbox 235 334 352 375; x_wconf 83' lang='lat' dir='ltr'>declaratio</span> <span class='ocrx_word' id='word_1_15' title='bbox 368 342 412 380; x_wconf 83' lang='lat' dir='ltr'><strong>est,</strong></span> <span class='ocrx_word' id='word_1_16' title='bbox 427 341 454 371; x_wconf 91' lang='lat' dir='ltr'><strong>ut</strong></span> <span class='ocrx_word' id='word_1_17' title='bbox 470 333 563 373; x_wconf 80' lang='lat' dir='ltr'><strong>credant</strong></span> <span class='ocrx_word' id='word_1_18' title='bbox 573 337 596 374; x_wconf 86' lang='lat' dir='ltr'><strong>in</strong></span> <span class='ocrx_word' id='word_1_19' title='bbox 606 335 686 383; x_wconf 79' lang='lat' dir='ltr'><strong>lucem3</strong></span> <span class='ocrx_word' id='word_1_20' title='bbox 707 335 769 390; x_wconf 83' lang='lat' dir='ltr'><strong>quod</strong></span> <span class='ocrx_word' id='word_1_21' title='bbox 824 336 842 391; x_wconf 57' lang='grc' dir='ltr'><em>[ξτζ</em></span> 
     </span>
    </p>
   </div>
   <div class='ocr_carea' id='block_1_5' title="bbox 70 388 841 561">
    <p class='ocr_par' dir='ltr' id='par_1_5' title="bbox 70 388 842 561">
     <span class='ocr_line' id='line_1_5' title="bbox 70 388 841 450; baseline -0.001 -17"><span class='ocrx_word' id='word_1_22' title='bbox 70 392 132 433; x_wconf 87' lang='lat' dir='ltr'><strong>haud</strong></span> <span class='ocrx_word' id='word_1_23' title='bbox 154 391 222 434; x_wconf 85' lang='lat' dir='ltr'><strong>dubie</strong></span> <span class='ocrx_word' id='word_1_24' title='bbox 240 391 311 431; x_wconf 80' lang='lat' dir='ltr'>nihilo</span> <span class='ocrx_word' id='word_1_25' title='bbox 327 388 397 444; x_wconf 86' lang='lat' dir='ltr'><strong>magis</strong></span> <span class='ocrx_word' id='word_1_26' title='bbox 411 388 597 443; x_wconf 79' lang='lat' dir='ltr'><strong>hiseamalibus,</strong></span> <span class='ocrx_word' id='word_1_27' title='bbox 620 392 720 448; x_wconf 84' lang='lat' dir='ltr'><strong>quaesito</strong></span> <span class='ocrx_word' id='word_1_28' title='bbox 733 394 768 450; x_wconf 82' lang='lat' dir='ltr'><strong>lu·</strong></span> <span class='ocrx_word' id='word_1_29' title='bbox 837 392 841 411; x_wconf 68' lang='lat'>³</span> 
     </span>
     <span class='ocr_line' id='line_1_6' title="bbox 131 502 766 561; baseline -0.001 -12"><span class='ocrx_word' id='word_1_30' title='bbox 131 507 172 549; x_wconf 84' lang='lat' dir='ltr'><strong>Sed</strong></span> <span class='ocrx_word' id='word_1_31' title='bbox 188 509 232 558; x_wconf 85' lang='lat' dir='ltr'><strong>jam</strong></span> <span class='ocrx_word' id='word_1_32' title='bbox 254 504 328 546; x_wconf 85' lang='lat' dir='ltr'><strong>taedet</strong></span> <span class='ocrx_word' id='word_1_33' title='bbox 348 502 434 560; x_wconf 86' lang='lat' dir='ltr'><strong>reliqua</strong></span> <span class='ocrx_word' id='word_1_34' title='bbox 455 504 539 560; x_wconf 76' lang='lat' dir='ltr'>aliquot</span> <span class='ocrx_word' id='word_1_35' title='bbox 561 507 658 561; x_wconf 84' lang='lat' dir='ltr'><strong>exempla</strong></span> <span class='ocrx_word' id='word_1_36' title='bbox 679 507 766 556; x_wconf 82' lang='lat' dir='ltr'>addere,</span> 
     </span>
    </p>
   </div>
   <div class='ocr_carea' id='block_1_6' title="bbox 71 561 591 623">
    <p class='ocr_par' dir='ltr' id='par_1_6' title="bbox 71 561 591 623">
     <span class='ocr_line' id='line_1_7' title="bbox 71 561 591 623; baseline 0 -17"><span class='ocrx_word' id='word_1_37' title='bbox 71 566 99 623; x_wconf 82' lang='lat' dir='ltr'><strong>de</strong></span> <span class='ocrx_word' id='word_1_38' title='bbox 115 564 195 620; x_wconf 85' lang='lat' dir='ltr'><strong>quihus</strong></span> <span class='ocrx_word' id='word_1_39' title='bbox 211 561 276 605; x_wconf 84' lang='lat' dir='ltr'><strong>facile</strong></span> <span class='ocrx_word' id='word_1_40' title='bbox 290 571 374 604; x_wconf 81' lang='lat' dir='ltr'><strong>statues</strong></span> <span class='ocrx_word' id='word_1_41' title='bbox 388 568 415 604; x_wconf 84' lang='lat' dir='ltr'><strong>ex</strong></span> <span class='ocrx_word' id='word_1_42' title='bbox 429 563 591 619; x_wconf 49' lang='lat' dir='ltr'><strong>praesentibus-‚1</strong></span> 
     </span>
    </p>
   </div>
   <div class='ocr_carea' id='block_1_7' title="bbox 126 656 841 798">
    <p class='ocr_par' dir='ltr' id='par_1_7' title="bbox 126 656 842 798">
     <span class='ocr_line' id='line_1_8' title="bbox 174 656 459 712; baseline -0.014 -13"><span class='ocrx_word' id='word_1_43' title='bbox 174 708 176 712; x_wconf 67' lang='lat'><strong>,</strong></span> <span class='ocrx_word' id='word_1_44' title='bbox 376 656 395 704; x_wconf 84' lang='lat'><strong>§.</strong></span> <span class='ocrx_word' id='word_1_45' title='bbox 427 663 459 697; x_wconf 75' lang='lat'><strong>52.</strong></span> 
     </span>
     <span class='ocr_line' id='line_1_9' title="bbox 126 730 841 798; baseline 0.006 -25"><span class='ocrx_word' id='word_1_46' title='bbox 126 738 187 787; x_wconf 77' lang='lat' dir='ltr'><strong>Jam,</strong></span> <span class='ocrx_word' id='word_1_47' title='bbox 208 730 241 773; x_wconf 80' lang='lat' dir='ltr'><strong>rui</strong></span> <span class='ocrx_word' id='word_1_48' title='bbox 260 736 353 785; x_wconf 75' lang='lat' dir='ltr'><strong>ComeS,</strong></span> <span class='ocrx_word' id='word_1_49' title='bbox 373 732 392 773; x_wconf 89' lang='lat' dir='ltr'><strong>si</strong></span> <span class='ocrx_word' id='word_1_50' title='bbox 406 733 518 789; x_wconf 60' lang='lat' dir='ltr'><strong>{discipuli</strong></span> <span class='ocrx_word' id='word_1_51' title='bbox 539 734 633 791; x_wconf 80' lang='lat' dir='ltr'><strong>aliique,</strong></span> <span class='ocrx_word' id='word_1_52' title='bbox 647 752 689 792; x_wconf 73' lang='lat' dir='ltr'><strong>pro</strong></span> <span class='ocrx_word' id='word_1_53' title='bbox 706 738 767 778; x_wconf 78' lang='lat' dir='ltr'><strong>omni</strong></span> <span class='ocrx_word' id='word_1_54' title='bbox 834 784 841 798; x_wconf 71' lang='lat'><strong>,</strong></span> 
     </span>
    </p>
   </div>
   <div class='ocr_carea' id='block_1_8' title="bbox 67 785 841 902">
    <p class='ocr_par' dir='ltr' id='par_1_8' title="bbox 67 785 841 902">
     <span class='ocr_line' id='line_1_10' title="bbox 69 785 841 845; baseline -0.003 -8"><span class='ocrx_word' id='word_1_55' title='bbox 69 795 185 840; x_wconf 81' lang='lat' dir='ltr'><strong>idiomatis</strong></span> <span class='ocrx_word' id='word_1_56' title='bbox 197 794 233 834; x_wconf 85' lang='lat' dir='ltr'><strong>sui</strong></span> <span class='ocrx_word' id='word_1_57' title='bbox 243 789 329 832; x_wconf 77' lang='lat' dir='ltr'><strong>notitia</strong></span> <span class='ocrx_word' id='word_1_58' title='bbox 340 791 453 835; x_wconf 82' lang='lat' dir='ltr'><strong>Christum</strong></span> <span class='ocrx_word' id='word_1_59' title='bbox 467 805 513 836; x_wconf 91' lang='lat' dir='ltr'><strong>non</strong></span> <span class='ocrx_word' id='word_1_60' title='bbox 528 792 699 845; x_wconf 83' lang='lat' dir='ltr'><strong>intellexerunt,</strong></span> <span class='ocrx_word' id='word_1_61' title='bbox 714 809 765 835; x_wconf 87' lang='lat' dir='ltr'><strong>ner·</strong></span> <span class='ocrx_word' id='word_1_62' title='bbox 824 785 841 844; x_wconf 54' lang='lat'><strong>,31¹</strong></span> 
     </span>
     <span class='ocr_line' id='line_1_11' title="bbox 67 847 764 902; baseline 0 -9"><span class='ocrx_word' id='word_1_63' title='bbox 67 866 122 896; x_wconf 79' lang='lat' dir='ltr'><strong>vose</strong></span> <span class='ocrx_word' id='word_1_64' title='bbox 136 864 184 891; x_wconf 88' lang='lat' dir='ltr'><strong>non</strong></span> <span class='ocrx_word' id='word_1_65' title='bbox 198 848 274 890; x_wconf 85' lang='lat' dir='ltr'><strong>minus</strong></span> <span class='ocrx_word' id='word_1_66' title='bbox 289 861 314 888; x_wconf 88' lang='lat' dir='ltr'><strong>ae</strong></span> <span class='ocrx_word' id='word_1_67' title='bbox 330 858 394 888; x_wconf 81' lang='lat' dir='ltr'><strong>acute</strong></span> <span class='ocrx_word' id='word_1_68' title='bbox 409 847 525 901; x_wconf 76' lang='lat' dir='ltr'><strong>intuleris,</strong></span> <span class='ocrx_word' id='word_1_69' title='bbox 546 864 627 902; x_wconf 81' lang='lat' dir='ltr'><strong>parum</strong></span> <span class='ocrx_word' id='word_1_70' title='bbox 648 861 687 892; x_wconf 87' lang='lat' dir='ltr'><strong>aut</strong></span> <span class='ocrx_word' id='word_1_71' title='bbox 706 851 764 892; x_wconf 84' lang='lat' dir='ltr'><strong>nihil</strong></span> 
     </span>
    </p>
   </div>
   <div class='ocr_carea' id='block_1_9' title="bbox 68 904 766 969">
    <p class='ocr_par' dir='ltr' id='par_1_9' title="bbox 68 899 840 969">
     <span class='ocr_line' id='line_1_12' title="bbox 68 904 766 969; baseline -0.006 -18"><span class='ocrx_word' id='word_1_72' title='bbox 68 907 173 969; x_wconf 77' lang='lat' dir='ltr'><strong>praesidii</strong></span> <span class='ocrx_word' id='word_1_73' title='bbox 189 919 238 947; x_wconf 87' lang='lat' dir='ltr'><strong>esse</strong></span> <span class='ocrx_word' id='word_1_74' title='bbox 258 904 283 945; x_wconf 89' lang='lat' dir='ltr'><strong>in</strong></span> <span class='ocrx_word' id='word_1_75' title='bbox 303 918 346 943; x_wconf 87' lang='lat' dir='ltr'><strong>usu</strong></span> <span class='ocrx_word' id='word_1_76' title='bbox 365 904 485 959; x_wconf 81' lang='lat' dir='ltr'><strong>loquendi!</strong></span> <span class='ocrx_word' id='word_1_77' title='bbox 514 905 574 947; x_wconf 87' lang='lat' dir='ltr'><strong>Mihi</strong></span> <span class='ocrx_word' id='word_1_78' title='bbox 594 917 669 949; x_wconf 87' lang='lat' dir='ltr'><strong>tamen</strong></span> <span class='ocrx_word' id='word_1_79' title='bbox 683 909 766 950; x_wconf 74' lang='lat' dir='ltr'><strong>unieue&#39;</strong></span> 
     </span>
    </p>
   </div>
   <div class='ocr_carea' id='block_1_10' title="bbox 66 960 764 1131">
    <p class='ocr_par' dir='ltr' id='par_1_10' title="bbox 66 960 839 1139">
     <span class='ocr_line' id='line_1_13' title="bbox 66 960 763 1021; baseline -0.006 -11"><span class='ocrx_word' id='word_1_80' title='bbox 66 965 186 1020; x_wconf 83' lang='lat' dir='ltr'><strong>scrupulus</strong></span> <span class='ocrx_word' id='word_1_81' title='bbox 202 970 313 1016; x_wconf 74' lang='lat' dir='ltr'><strong>superest,</strong></span> <span class='ocrx_word' id='word_1_82' title='bbox 329 975 356 1002; x_wconf 89' lang='lat' dir='ltr'><strong>an</strong></span> <span class='ocrx_word' id='word_1_83' title='bbox 372 960 497 1003; x_wconf 89' lang='lat' dir='ltr'><strong>commilito</strong></span> <span class='ocrx_word' id='word_1_84' title='bbox 518 972 571 1004; x_wconf 87' lang='lat' dir='ltr'><strong>tuus</strong></span> <span class='ocrx_word' id='word_1_85' title='bbox 592 965 707 1021; x_wconf 80' lang='lat' dir='ltr'><strong>altaeque</strong></span> <span class='ocrx_word' id='word_1_86' title='bbox 726 969 763 1006; x_wconf 87' lang='lat' dir='ltr'><strong>he·</strong></span> 
     </span>
     <span class='ocr_line' id='line_1_14' title="bbox 66 1018 764 1076; baseline -0.022 -11"><span class='ocrx_word' id='word_1_87' title='bbox 66 1028 105 1068; x_wconf 80' lang='lat' dir='ltr'><strong>bes</strong></span> <span class='ocrx_word' id='word_1_88' title='bbox 120 1032 143 1063; x_wconf 89' lang='lat' dir='ltr'><strong>et</strong></span> <span class='ocrx_word' id='word_1_89' title='bbox 160 1019 276 1076; x_wconf 82' lang='lat' dir='ltr'><strong>stupidus,</strong></span> <span class='ocrx_word' id='word_1_90' title='bbox 295 1031 320 1058; x_wconf 88' lang='lat' dir='ltr'><strong>ac</strong></span> <span class='ocrx_word' id='word_1_91' title='bbox 339 1018 440 1066; x_wconf 87' lang='lat' dir='ltr'><strong>fuerant,</strong></span> <span class='ocrx_word' id='word_1_92' title='bbox 462 1034 474 1061; x_wconf 85' lang='lat' dir='ltr'><strong>a</strong></span> <span class='ocrx_word' id='word_1_93' title='bbox 493 1019 574 1076; x_wconf 87' lang='lat' dir='ltr'><strong>quihus</strong></span> <span class='ocrx_word' id='word_1_94' title='bbox 593 1035 633 1062; x_wconf 84' lang='lat' dir='ltr'><strong>sua</strong></span> <span class='ocrx_word' id='word_1_95' title='bbox 655 1031 764 1064; x_wconf 58' lang='lat' dir='ltr'><strong>summas</strong></span> 
     </span>
     <span class='ocr_line' id='line_1_15' title="bbox 66 1075 761 1131; baseline -0.013 -7"><span class='ocrx_word' id='word_1_96' title='bbox 66 1082 108 1125; x_wconf 87' lang='lat' dir='ltr'><strong>sub</strong></span> <span class='ocrx_word' id='word_1_97' title='bbox 123 1080 143 1120; x_wconf 84' lang='lat' dir='ltr'><strong>b.</strong></span> <span class='ocrx_word' id='word_1_98' title='bbox 160 1095 177 1121; x_wconf 85' lang='lat' dir='ltr'><strong>e.</strong></span> <span class='ocrx_word' id='word_1_99' title='bbox 194 1081 215 1119; x_wconf 79' lang='lat' dir='ltr'><strong>h.</strong></span> <span class='ocrx_word' id='word_1_100' title='bbox 231 1079 246 1118; x_wconf 87' lang='lat' dir='ltr'><strong>i.</strong></span> <span class='ocrx_word' id='word_1_101' title='bbox 260 1087 284 1116; x_wconf 81' lang='lat' dir='ltr'><strong>er</strong></span> <span class='ocrx_word' id='word_1_102' title='bbox 299 1077 312 1116; x_wconf 80' lang='lat' dir='ltr'><strong>lt</strong></span> <span class='ocrx_word' id='word_1_103' title='bbox 334 1075 440 1131; x_wconf 81' lang='lat' dir='ltr'><strong>exempla.</strong></span> <span class='ocrx_word' id='word_1_104' title='bbox 469 1076 563 1118; x_wconf 83' lang='lat' dir='ltr'><strong>Praevie</strong></span> <span class='ocrx_word' id='word_1_105' title='bbox 577 1077 671 1120; x_wconf 87' lang='lat' dir='ltr'><strong>unicum</strong></span> <span class='ocrx_word' id='word_1_106' title='bbox 682 1090 703 1120; x_wconf 86' lang='lat' dir='ltr'><strong>te</strong></span> <span class='ocrx_word' id='word_1_107' title='bbox 715 1094 761 1121; x_wconf 85' lang='lat' dir='ltr'><strong>rno-</strong></span> 
     </span>
    </p>
   </div>
   <div class='ocr_carea' id='block_1_11' title="bbox 48 1132 839 2858">
    <p class='ocr_par' dir='ltr' id='par_1_11' title="bbox 57 1132 839 2101">
     <span class='ocr_line' id='line_1_16' title="bbox 63 1132 762 1190; baseline -0.003 -10"><span class='ocrx_word' id='word_1_108' title='bbox 63 1140 141 1182; x_wconf 69' lang='lat' dir='ltr'><strong>iritum</strong></span> <span class='ocrx_word' id='word_1_109' title='bbox 156 1139 219 1183; x_wconf 89' lang='lat' dir='ltr'><strong>volo,</strong></span> <span class='ocrx_word' id='word_1_110' title='bbox 240 1133 276 1190; x_wconf 85' lang='lat' dir='ltr'><strong>agi</strong></span> <span class='ocrx_word' id='word_1_111' title='bbox 296 1134 323 1175; x_wconf 91' lang='lat' dir='ltr'><strong>de</strong></span> <span class='ocrx_word' id='word_1_112' title='bbox 342 1132 459 1188; x_wconf 78' lang='lat' dir='ltr'>discipulis</span> <span class='ocrx_word' id='word_1_113' title='bbox 478 1142 503 1174; x_wconf 89' lang='lat' dir='ltr'><strong>ut</strong></span> <span class='ocrx_word' id='word_1_114' title='bbox 519 1145 581 1176; x_wconf 87' lang='lat' dir='ltr'><strong>erant</strong></span> <span class='ocrx_word' id='word_1_115' title='bbox 596 1147 647 1178; x_wconf 81' lang='lat' dir='ltr'><strong>ante</strong></span> <span class='ocrx_word' id='word_1_116' title='bbox 668 1137 762 1179; x_wconf 86' lang='lat' dir='ltr'><strong>illustra·</strong></span> 
     </span>
     <span class='ocr_line' id='line_1_17' title="bbox 64 1189 762 1249; baseline -0.004 -11"><span class='ocrx_word' id='word_1_117' title='bbox 64 1197 151 1242; x_wconf 77' lang='lat' dir='ltr'><strong>¹tionem</strong></span> <span class='ocrx_word' id='word_1_118' title='bbox 166 1191 262 1249; x_wconf 80' lang='lat' dir='ltr'><strong>Spiritus</strong></span> <span class='ocrx_word' id='word_1_119' title='bbox 276 1193 310 1240; x_wconf 86' lang='lat' dir='ltr'><strong>S.,</strong></span> <span class='ocrx_word' id='word_1_120' title='bbox 328 1204 399 1245; x_wconf 87' lang='lat' dir='ltr'><strong>eoque</strong></span> <span class='ocrx_word' id='word_1_121' title='bbox 414 1189 513 1232; x_wconf 82' lang='lat' dir='ltr'><strong>divinam</strong></span> <span class='ocrx_word' id='word_1_122' title='bbox 528 1191 636 1234; x_wconf 83' lang='lat' dir='ltr'><strong>virtutem</strong></span> <span class='ocrx_word' id='word_1_123' title='bbox 652 1193 676 1234; x_wconf 85' lang='lat' dir='ltr'><strong>in</strong></span> <span class='ocrx_word' id='word_1_124' title='bbox 691 1194 719 1235; x_wconf 80' lang='lat' dir='ltr'><strong>iis</strong></span> <span class='ocrx_word' id='word_1_125' title='bbox 730 1210 762 1236; x_wconf 84' lang='lat' dir='ltr'><strong>re·</strong></span> 
     </span>
     <span class='ocr_line' id='line_1_18' title="bbox 63 1246 761 1306; baseline -0.003 -12"><span class='ocrx_word' id='word_1_126' title='bbox 63 1255 140 1298; x_wconf 84' lang='lat' dir='ltr'><strong>lucere</strong></span> <span class='ocrx_word' id='word_1_127' title='bbox 152 1248 227 1306; x_wconf 83' lang='lat' dir='ltr'><strong>magis,</strong></span> <span class='ocrx_word' id='word_1_128' title='bbox 244 1262 288 1304; x_wconf 87' lang='lat' dir='ltr'><strong>quo</strong></span> <span class='ocrx_word' id='word_1_129' title='bbox 304 1262 331 1288; x_wconf 88' lang='lat' dir='ltr'><strong>ex</strong></span> <span class='ocrx_word' id='word_1_130' title='bbox 346 1260 369 1287; x_wconf 83' lang='lat' dir='ltr'><strong>ee</strong></span> <span class='ocrx_word' id='word_1_131' title='bbox 381 1246 503 1302; x_wconf 79' lang='lat' dir='ltr'><strong>ineptiores</strong></span> <span class='ocrx_word' id='word_1_132' title='bbox 518 1259 580 1290; x_wconf 87' lang='lat' dir='ltr'><strong>erant</strong></span> <span class='ocrx_word' id='word_1_133' title='bbox 599 1252 661 1304; x_wconf 84' lang='lat' dir='ltr'><strong>operi</strong></span> <span class='ocrx_word' id='word_1_134' title='bbox 681 1261 702 1293; x_wconf 90' lang='lat' dir='ltr'><strong>et</strong></span> <span class='ocrx_word' id='word_1_135' title='bbox 723 1254 761 1292; x_wconf 88' lang='lat' dir='ltr'><strong>do·</strong></span> 
     </span>
     <span class='ocr_line' id='line_1_19' title="bbox 65 1303 839 1365; baseline -0.001 -13"><span class='ocrx_word' id='word_1_136' title='bbox 65 1310 227 1363; x_wconf 79' lang='lat' dir='ltr'><strong>etrinaequam</strong></span> <span class='ocrx_word' id='word_1_137' title='bbox 242 1303 366 1347; x_wconf 85' lang='lat' dir='ltr'><strong>hodiedum</strong></span> <span class='ocrx_word' id='word_1_138' title='bbox 382 1303 523 1358; x_wconf 81' lang='lat' dir='ltr'><strong>demiramur,</strong></span> <span class='ocrx_word' id='word_1_139' title='bbox 539 1315 561 1349; x_wconf 84' lang='lat' dir='ltr'><strong>et</strong></span> <span class='ocrx_word' id='word_1_140' title='bbox 575 1316 689 1363; x_wconf 75' lang='lat' dir='ltr'><strong>tamquam</strong></span> <span class='ocrx_word' id='word_1_141' title='bbox 704 1311 761 1351; x_wconf 61' lang='lat' dir='ltr'><strong>salu»</strong></span> <span class='ocrx_word' id='word_1_142' title='bbox 825 1305 839 1365; x_wconf 61' lang='lat' dir='ltr'><strong>,ji</strong></span> 
     </span>
     <span class='ocr_line' id='line_1_20' title="bbox 62 1361 826 1420; baseline -0.003 -10"><span class='ocrx_word' id='word_1_143' title='bbox 62 1367 234 1415; x_wconf 64' lang='lat' dir='ltr'><strong>tisanchoram</strong></span> <span class='ocrx_word' id='word_1_144' title='bbox 253 1363 385 1408; x_wconf 82' lang='lat' dir='ltr'><strong>retinemus.</strong></span> <span class='ocrx_word' id='word_1_145' title='bbox 413 1361 510 1405; x_wconf 84' lang='lat' dir='ltr'><strong>Putasne</strong></span> <span class='ocrx_word' id='word_1_146' title='bbox 532 1377 598 1419; x_wconf 80' lang='lat' dir='ltr'><strong>ergo,</strong></span> <span class='ocrx_word' id='word_1_147' title='bbox 618 1365 651 1407; x_wconf 88' lang='lat' dir='ltr'><strong>mi</strong></span> <span class='ocrx_word' id='word_1_148' title='bbox 672 1367 760 1420; x_wconf 76' lang='lat' dir='ltr'><strong>Comes,</strong></span> <span class='ocrx_word' id='word_1_149' title='bbox 824 1403 826 1418; x_wconf 64' lang='grc' dir='ltr'><em>ὲ</em></span> 
     </span>
     <span class='ocr_line' id='line_1_21' title="bbox 59 1420 760 1474; baseline -0.007 -9"><span class='ocrx_word' id='word_1_150' title='bbox 59 1423 243 1469; x_wconf 67' lang='lat' dir='ltr'><strong>commilitonem</strong></span> <span class='ocrx_word' id='word_1_151' title='bbox 258 1433 323 1462; x_wconf 88' lang='lat' dir='ltr'><strong>tuum</strong></span> <span class='ocrx_word' id='word_1_152' title='bbox 338 1420 394 1463; x_wconf 89' lang='lat' dir='ltr'><strong>adeo</strong></span> <span class='ocrx_word' id='word_1_153' title='bbox 410 1434 458 1462; x_wconf 81' lang='lat' dir='ltr'><strong>esee</strong></span> <span class='ocrx_word' id='word_1_154' title='bbox 471 1424 596 1474; x_wconf 81' lang='lat' dir='ltr'><strong>vecordem,</strong></span> <span class='ocrx_word' id='word_1_155' title='bbox 611 1436 637 1464; x_wconf 80' lang='lat' dir='ltr'><strong>ut</strong></span> <span class='ocrx_word' id='word_1_156' title='bbox 651 1426 669 1468; x_wconf 87' lang='lat' dir='ltr'><strong>si</strong></span> <span class='ocrx_word' id='word_1_157' title='bbox 684 1428 760 1468; x_wconf 83' lang='lat' dir='ltr'><strong>Evan.</strong></span> 
     </span>
     <span class='ocr_line' id='line_1_22' title="bbox 63 1480 759 1541; baseline 0.001 -16"><span class='ocrx_word' id='word_1_158' title='bbox 63 1484 149 1541; x_wconf 79' lang='lat' dir='ltr'><strong>gelium</strong></span> <span class='ocrx_word' id='word_1_159' title='bbox 166 1480 273 1523; x_wconf 74' lang='lat' dir='ltr'><strong>Matthaei</strong></span> <span class='ocrx_word' id='word_1_160' title='bbox 288 1492 334 1520; x_wconf 92' lang='lat' dir='ltr'><strong>non</strong></span> <span class='ocrx_word' id='word_1_161' title='bbox 349 1487 457 1529; x_wconf 83' lang='lat' dir='ltr'><strong>exstaret,</strong></span> <span class='ocrx_word' id='word_1_162' title='bbox 477 1480 620 1522; x_wconf 82' lang='lat' dir='ltr'><strong>sententiam:</strong></span> <span class='ocrx_word' id='word_1_163' title='bbox 640 1499 685 1525; x_wconf 74' lang='lat' dir='ltr'><strong>iton</strong></span> <span class='ocrx_word' id='word_1_164' title='bbox 698 1486 759 1541; x_wconf 70' lang='lat' dir='ltr'><strong>atroci</strong></span> 
     </span>
     <span class='ocr_line' id='line_1_23' title="bbox 63 1537 759 1599; baseline 0 -14"><span class='ocrx_word' id='word_1_165' title='bbox 63 1538 171 1585; x_wconf 47' lang='lat' dir='ltr'><strong>*intracia</strong></span> <span class='ocrx_word' id='word_1_166' title='bbox 183 1555 209 1580; x_wconf 86' lang='lat' dir='ltr'><strong>os</strong></span> <span class='ocrx_word' id='word_1_167' title='bbox 227 1540 357 1595; x_wconf 81' lang='lat' dir='ltr'><strong>coinquinat</strong></span> <span class='ocrx_word' id='word_1_168' title='bbox 372 1540 493 1586; x_wconf 83' lang='lat' dir='ltr'><strong>hontinem,</strong></span> <span class='ocrx_word' id='word_1_169' title='bbox 512 1553 559 1580; x_wconf 88' lang='lat' dir='ltr'><strong>non</strong></span> <span class='ocrx_word' id='word_1_170' title='bbox 579 1537 699 1599; x_wconf 84' lang='lat' dir='ltr'><strong>intelligat,</strong></span> <span class='ocrx_word' id='word_1_171' title='bbox 720 1544 759 1586; x_wconf 81' lang='lat' dir='ltr'><strong>seri</strong></span> 
     </span>
     <span class='ocr_line' id='line_1_24' title="bbox 61 1594 757 1652; baseline 0.001 -11"><span class='ocrx_word' id='word_1_172' title='bbox 61 1601 200 1641; x_wconf 72' lang='lat' dir='ltr'><strong>Iudaeorum</strong></span> <span class='ocrx_word' id='word_1_173' title='bbox 219 1608 282 1638; x_wconf 86' lang='lat' dir='ltr'><strong>more</strong></span> <span class='ocrx_word' id='word_1_174' title='bbox 297 1594 420 1647; x_wconf 80' lang='lat' dir='ltr'><strong>existimet,</strong></span> <span class='ocrx_word' id='word_1_175' title='bbox 439 1596 536 1637; x_wconf 88' lang='lat' dir='ltr'><strong>animam</strong></span> <span class='ocrx_word' id='word_1_176' title='bbox 558 1596 757 1652; x_wconf 81' lang='lat' dir='ltr'><strong>coinquinandam,</strong></span> 
     </span>
     <span class='ocr_line' id='line_1_25' title="bbox 61 1652 759 1709; baseline 0.004 -11"><span class='ocrx_word' id='word_1_177' title='bbox 61 1659 80 1698; x_wconf 84' lang='lat' dir='ltr'><strong>si</strong></span> <span class='ocrx_word' id='word_1_178' title='bbox 96 1656 186 1702; x_wconf 84' lang='lat' dir='ltr'><strong>suillae,</strong></span> <span class='ocrx_word' id='word_1_179' title='bbox 201 1663 240 1695; x_wconf 85' lang='lat' dir='ltr'><strong>aut</strong></span> <span class='ocrx_word' id='word_1_180' title='bbox 255 1666 311 1709; x_wconf 88' lang='lat' dir='ltr'><strong>quae</strong></span> <span class='ocrx_word' id='word_1_181' title='bbox 334 1652 399 1693; x_wconf 86' lang='lat' dir='ltr'><strong>nobis</strong></span> <span class='ocrx_word' id='word_1_182' title='bbox 419 1667 465 1694; x_wconf 89' lang='lat' dir='ltr'><strong>non</strong></span> <span class='ocrx_word' id='word_1_183' title='bbox 480 1652 554 1694; x_wconf 90' lang='lat' dir='ltr'><strong>minus</strong></span> <span class='ocrx_word' id='word_1_184' title='bbox 575 1668 600 1695; x_wconf 85' lang='lat' dir='ltr'><strong>ac</strong></span> <span class='ocrx_word' id='word_1_185' title='bbox 613 1657 701 1703; x_wconf 64' lang='lat' dir='ltr'><strong>&gt;ludaeis</strong></span> <span class='ocrx_word' id='word_1_186' title='bbox 716 1658 759 1700; x_wconf 90' lang='lat' dir='ltr'><strong>im-</strong></span> 
     </span>
     <span class='ocr_line' id='line_1_26' title="bbox 59 1709 757 1771; baseline 0.003 -16"><span class='ocrx_word' id='word_1_187' title='bbox 59 1714 146 1756; x_wconf 87' lang='lat' dir='ltr'><strong>munda</strong></span> <span class='ocrx_word' id='word_1_188' title='bbox 163 1721 208 1764; x_wconf 84' lang='lat' dir='ltr'><strong>est,</strong></span> <span class='ocrx_word' id='word_1_189' title='bbox 224 1710 297 1752; x_wconf 85' lang='lat' dir='ltr'><strong>carnis</strong></span> <span class='ocrx_word' id='word_1_190' title='bbox 312 1709 407 1766; x_wconf 81' lang='lat' dir='ltr'><strong>equinae</strong></span> <span class='ocrx_word' id='word_1_191' title='bbox 420 1711 499 1752; x_wconf 89' lang='lat' dir='ltr'><strong>bolum</strong></span> <span class='ocrx_word' id='word_1_192' title='bbox 514 1710 621 1766; x_wconf 76' lang='lat' dir='ltr'><strong>glutiret?</strong></span> <span class='ocrx_word' id='word_1_193' title='bbox 652 1716 710 1771; x_wconf 86' lang='lat' dir='ltr'><strong>Ego,</strong></span> <span class='ocrx_word' id='word_1_194' title='bbox 723 1715 757 1757; x_wconf 87' lang='lat' dir='ltr'><strong>mi</strong></span> 
     </span>
     <span class='ocr_line' id='line_1_27' title="bbox 59 1768 757 1827; baseline -0.001 -12"><span class='ocrx_word' id='word_1_195' title='bbox 59 1776 156 1817; x_wconf 77' lang='lat' dir='ltr'><strong>Comes,</strong></span> <span class='ocrx_word' id='word_1_196' title='bbox 171 1769 237 1810; x_wconf 87' lang='lat' dir='ltr'><strong>illum</strong></span> <span class='ocrx_word' id='word_1_197' title='bbox 252 1768 324 1810; x_wconf 84' lang='lat' dir='ltr'><strong>multo</strong></span> <span class='ocrx_word' id='word_1_198' title='bbox 339 1778 395 1825; x_wconf 84' lang='lat' dir='ltr'><strong>puto</strong></span> <span class='ocrx_word' id='word_1_199' title='bbox 409 1769 583 1825; x_wconf 82' lang='lat' dir='ltr'><strong>prudentiore-ur,</strong></span> <span class='ocrx_word' id='word_1_200' title='bbox 601 1785 667 1827; x_wconf 86' lang='lat' dir='ltr'><strong>quam</strong></span> <span class='ocrx_word' id='word_1_201' title='bbox 678 1783 703 1812; x_wconf 93' lang='lat' dir='ltr'><strong>ut</strong></span> <span class='ocrx_word' id='word_1_202' title='bbox 718 1774 757 1815; x_wconf 89' lang='lat' dir='ltr'><strong>ille</strong></span> 
     </span>
     <span class='ocr_line' id='line_1_28' title="bbox 59 1825 756 1877; baseline -0.001 -6"><span class='ocrx_word' id='word_1_203' title='bbox 59 1830 85 1871; x_wconf 89' lang='lat' dir='ltr'><strong>in</strong></span> <span class='ocrx_word' id='word_1_204' title='bbox 101 1825 207 1877; x_wconf 80' lang='lat' dir='ltr'><strong>convivio</strong></span> <span class='ocrx_word' id='word_1_205' title='bbox 223 1825 330 1868; x_wconf 83' lang='lat' dir='ltr'><strong>detrectet</strong></span> <span class='ocrx_word' id='word_1_206' title='bbox 346 1839 398 1867; x_wconf 90' lang='lat' dir='ltr'><strong>cum</strong></span> <span class='ocrx_word' id='word_1_207' title='bbox 416 1826 556 1868; x_wconf 89' lang='lat' dir='ltr'><strong>Protestante</strong></span> <span class='ocrx_word' id='word_1_208' title='bbox 577 1838 616 1868; x_wconf 89' lang='lat' dir='ltr'><strong>aut</strong></span> <span class='ocrx_word' id='word_1_209' title='bbox 635 1827 756 1873; x_wconf 82' lang='lat' dir='ltr'><strong>Rationali-</strong></span> 
     </span>
     <span class='ocr_line' id='line_1_29' title="bbox 58 1883 755 1939; baseline -0.001 -11"><span class='ocrx_word' id='word_1_210' title='bbox 58 1898 92 1928; x_wconf 86' lang='lat' dir='ltr'><strong>sta</strong></span> <span class='ocrx_word' id='word_1_211' title='bbox 109 1901 134 1928; x_wconf 77' lang='lat' dir='ltr'><strong>ex</strong></span> <span class='ocrx_word' id='word_1_212' title='bbox 149 1885 227 1925; x_wconf 85' lang='lat' dir='ltr'><strong>eadem</strong></span> <span class='ocrx_word' id='word_1_213' title='bbox 244 1883 346 1938; x_wconf 78' lang='lat' dir='ltr'><strong>placenta</strong></span> <span class='ocrx_word' id='word_1_214' title='bbox 366 1895 465 1935; x_wconf 82' lang='lat' dir='ltr'><strong>sumere,</strong></span> <span class='ocrx_word' id='word_1_215' title='bbox 483 1883 525 1924; x_wconf 87' lang='lat' dir='ltr'><strong>etsi</strong></span> <span class='ocrx_word' id='word_1_216' title='bbox 543 1883 627 1926; x_wconf 88' lang='lat' dir='ltr'><strong>amicus</strong></span> <span class='ocrx_word' id='word_1_217' title='bbox 645 1898 755 1939; x_wconf 87' lang='lat' dir='ltr'><strong>moneret,</strong></span> 
     </span>
     <span class='ocr_line' id='line_1_30' title="bbox 58 1939 756 2001; baseline 0 -15"><span class='ocrx_word' id='word_1_218' title='bbox 58 1942 185 1986; x_wconf 83' lang='lat' dir='ltr'><strong>cavendum</strong></span> <span class='ocrx_word' id='word_1_219' title='bbox 208 1953 254 1982; x_wconf 83' lang='lat' dir='ltr'><strong>esse</strong></span> <span class='ocrx_word' id='word_1_220' title='bbox 271 1941 296 1980; x_wconf 86' lang='lat' dir='ltr'><strong>ab</strong></span> <span class='ocrx_word' id='word_1_221' title='bbox 313 1953 390 1982; x_wconf 87' lang='lat' dir='ltr'><strong>eorum</strong></span> <span class='ocrx_word' id='word_1_222' title='bbox 411 1939 525 1982; x_wconf 83' lang='lat' dir='ltr'><strong>fermento.</strong></span> <span class='ocrx_word' id='word_1_223' title='bbox 560 1944 601 1982; x_wconf 89' lang='lat' dir='ltr'><strong>Est</strong></span> <span class='ocrx_word' id='word_1_224' title='bbox 620 1957 671 1999; x_wconf 81' lang='lat' dir='ltr'><strong>ergo</strong></span> <span class='ocrx_word' id='word_1_225' title='bbox 691 1958 756 2001; x_wconf 85' lang='lat' dir='ltr'><strong>argu·</strong></span> 
     </span>
     <span class='ocr_line' id='line_1_31' title="bbox 57 1996 755 2054; baseline 0.003 -12"><span class='ocrx_word' id='word_1_226' title='bbox 57 2008 162 2042; x_wconf 86' lang='lat' dir='ltr'><strong>ruentum</strong></span> <span class='ocrx_word' id='word_1_227' title='bbox 180 1996 214 2038; x_wconf 91' lang='lat' dir='ltr'><strong>illi</strong></span> <span class='ocrx_word' id='word_1_228' title='bbox 234 1996 365 2052; x_wconf 78' lang='lat' dir='ltr'><strong>Aethiopico</strong></span> <span class='ocrx_word' id='word_1_229' title='bbox 388 1996 474 2046; x_wconf 87' lang='lat' dir='ltr'><strong>simile,</strong></span> <span class='ocrx_word' id='word_1_230' title='bbox 494 1998 555 2054; x_wconf 88' lang='lat' dir='ltr'><strong>quod</strong></span> <span class='ocrx_word' id='word_1_231' title='bbox 575 2004 593 2051; x_wconf 86' lang='lat'><strong>§.</strong></span> <span class='ocrx_word' id='word_1_232' title='bbox 608 2010 643 2046; x_wconf 73' lang='lat'><strong>45,</strong></span> <span class='ocrx_word' id='word_1_233' title='bbox 659 2002 755 2044; x_wconf 85' lang='lat' dir='ltr'><strong>relatum</strong></span> 
     </span>
     <span class='ocr_line' id='line_1_32' title="bbox 57 2068 134 2101; baseline -0.052 1"><span class='ocrx_word' id='word_1_234' title='bbox 57 2068 98 2101; x_wconf 66' lang='lat' dir='ltr'><strong>est.</strong></span> <span class='ocrx_word' id='word_1_235' title='bbox 133 2079 134 2082; x_wconf 52' lang='lat'>¹</span> 
     </span>
    </p>

    <p class='ocr_par' dir='ltr' id='par_1_12' title="bbox 54 2110 756 2515">
     <span class='ocr_line' id='line_1_33' title="bbox 114 2110 756 2168; baseline 0.008 -14"><span class='ocrx_word' id='word_1_236' title='bbox 114 2121 179 2159; x_wconf 77' lang='lat' dir='ltr'><strong>Forte</strong></span> <span class='ocrx_word' id='word_1_237' title='bbox 195 2124 217 2155; x_wconf 88' lang='lat' dir='ltr'><strong>et</strong></span> <span class='ocrx_word' id='word_1_238' title='bbox 236 2111 294 2153; x_wconf 86' lang='lat' dir='ltr'><strong>illud</strong></span> <span class='ocrx_word' id='word_1_239' title='bbox 313 2110 383 2168; x_wconf 87' lang='lat' dir='ltr'><strong>possis</strong></span> <span class='ocrx_word' id='word_1_240' title='bbox 398 2112 491 2160; x_wconf 83' lang='lat' dir='ltr'><strong>addere,</strong></span> <span class='ocrx_word' id='word_1_241' title='bbox 511 2116 556 2163; x_wconf 78' lang='lat' dir='ltr'><strong>jam</strong></span> <span class='ocrx_word' id='word_1_242' title='bbox 576 2113 662 2156; x_wconf 89' lang='lat' dir='ltr'><strong>nonin</strong></span> <span class='ocrx_word' id='word_1_243' title='bbox 678 2129 704 2156; x_wconf 92' lang='lat' dir='ltr'><strong>eo</strong></span> <span class='ocrx_word' id='word_1_244' title='bbox 718 2129 756 2159; x_wconf 75' lang='lat' dir='ltr'><strong>stt·¹</strong></span> 
     </span>
     <span class='ocr_line' id='line_1_34' title="bbox 54 2167 753 2229; baseline -0.004 -13"><span class='ocrx_word' id='word_1_245' title='bbox 54 2175 117 2221; x_wconf 88' lang='lat' dir='ltr'><strong>lum,</strong></span> <span class='ocrx_word' id='word_1_246' title='bbox 133 2173 194 2229; x_wconf 88' lang='lat' dir='ltr'><strong>quod</strong></span> <span class='ocrx_word' id='word_1_247' title='bbox 209 2171 318 2212; x_wconf 83' lang='lat' dir='ltr'><strong>revelatae</strong></span> <span class='ocrx_word' id='word_1_248' title='bbox 332 2167 447 2223; x_wconf 76' lang='lat' dir='ltr'><strong>religionis</strong></span> <span class='ocrx_word' id='word_1_249' title='bbox 463 2180 495 2210; x_wconf 82' lang='lat' dir='ltr'><strong>est</strong></span> <span class='ocrx_word' id='word_1_250' title='bbox 509 2174 535 2221; x_wconf 84' lang='lat'><strong>(§.</strong></span> <span class='ocrx_word' id='word_1_251' title='bbox 551 2175 603 2226; x_wconf 60' lang='lat' dir='ltr'><strong>aa),</strong></span> <span class='ocrx_word' id='word_1_252' title='bbox 618 2173 695 2213; x_wconf 88' lang='lat' dir='ltr'><strong>sedin</strong></span> <span class='ocrx_word' id='word_1_253' title='bbox 710 2174 753 2222; x_wconf 83' lang='lat' dir='ltr'><strong>mi-</strong></span> 
     </span>
     <span class='ocr_line' id='line_1_35' title="bbox 55 2226 752 2285; baseline 0.003 -13"><span class='ocrx_word' id='word_1_254' title='bbox 55 2232 116 2272; x_wconf 82' lang='lat' dir='ltr'><strong>nima</strong></span> <span class='ocrx_word' id='word_1_255' title='bbox 140 2242 230 2285; x_wconf 85' lang='lat' dir='ltr'><strong>quoque</strong></span> <span class='ocrx_word' id='word_1_256' title='bbox 251 2227 357 2267; x_wconf 87' lang='lat' dir='ltr'><strong>historica</strong></span> <span class='ocrx_word' id='word_1_257' title='bbox 376 2226 517 2274; x_wconf 78' lang='lat' dir='ltr'><strong>narratione,</strong></span> <span class='ocrx_word' id='word_1_258' title='bbox 538 2239 563 2269; x_wconf 88' lang='lat' dir='ltr'><strong>ut</strong></span> <span class='ocrx_word' id='word_1_259' title='bbox 583 2239 636 2270; x_wconf 83' lang='lat' dir='ltr'><strong>sunt</strong></span> <span class='ocrx_word' id='word_1_260' title='bbox 657 2230 752 2274; x_wconf 83' lang='lat' dir='ltr'><strong>adducta</strong></span> 
     </span>
     <span class='ocr_line' id='line_1_36' title="bbox 54 2281 751 2343; baseline 0.009 -19"><span class='ocrx_word' id='word_1_261' title='bbox 54 2289 168 2343; x_wconf 62' lang='lat' dir='ltr'><strong>exempla,</strong></span> <span class='ocrx_word' id='word_1_262' title='bbox 191 2299 246 2342; x_wconf 83' lang='lat' dir='ltr'><strong>opus</strong></span> <span class='ocrx_word' id='word_1_263' title='bbox 266 2284 313 2325; x_wconf 86' lang='lat' dir='ltr'><strong>fore</strong></span> <span class='ocrx_word' id='word_1_264' title='bbox 333 2296 381 2323; x_wconf 88' lang='lat' dir='ltr'><strong>non</strong></span> <span class='ocrx_word' id='word_1_265' title='bbox 396 2281 467 2337; x_wconf 82' lang='lat' dir='ltr'><strong>logica</strong></span> <span class='ocrx_word' id='word_1_266' title='bbox 483 2293 583 2334; x_wconf 86' lang='lat' dir='ltr'><strong>tanturn,</strong></span> <span class='ocrx_word' id='word_1_267' title='bbox 606 2287 645 2327; x_wconf 84' lang='lat' dir='ltr'><strong>aed</strong></span> <span class='ocrx_word' id='word_1_268' title='bbox 660 2288 751 2330; x_wconf 82' lang='lat' dir='ltr'><strong>ecelesia</strong></span> 
     </span>
     <span class='ocr_line' id='line_1_37' title="bbox 55 2339 751 2402; baseline -0.001 -18"><span class='ocrx_word' id='word_1_269' title='bbox 55 2360 146 2402; x_wconf 82' lang='lat' dir='ltr'><strong>quoque</strong></span> <span class='ocrx_word' id='word_1_270' title='bbox 168 2353 189 2385; x_wconf 91' lang='lat' dir='ltr'><strong>et</strong></span> <span class='ocrx_word' id='word_1_271' title='bbox 209 2340 355 2383; x_wconf 82' lang='lat' dir='ltr'><strong>unanimibus</strong></span> <span class='ocrx_word' id='word_1_272' title='bbox 375 2339 485 2396; x_wconf 84' lang='lat' dir='ltr'><strong>patribus,</strong></span> <span class='ocrx_word' id='word_1_273' title='bbox 508 2357 552 2397; x_wconf 85' lang='lat' dir='ltr'><strong>quo</strong></span> <span class='ocrx_word' id='word_1_274' title='bbox 574 2344 658 2399; x_wconf 86' lang='lat' dir='ltr'><strong>aliquid</strong></span> <span class='ocrx_word' id='word_1_275' title='bbox 684 2345 751 2387; x_wconf 75' lang='lat' dir='ltr'><strong>nobis</strong></span> 
     </span>
     <span class='ocr_line' id='line_1_38' title="bbox 54 2397 749 2458; baseline 0 -14"><span class='ocrx_word' id='word_1_276' title='bbox 54 2405 170 2448; x_wconf 76' lang='lat' dir='ltr'><strong>clarescat,</strong></span> <span class='ocrx_word' id='word_1_277' title='bbox 189 2404 250 2452; x_wconf 69' lang='lat' dir='ltr'><strong>juxta</strong></span> <span class='ocrx_word' id='word_1_278' title='bbox 272 2405 297 2451; x_wconf 38' lang='grc' dir='ltr'>ᾗ</span> <span class='ocrx_word' id='word_1_279' title='bbox 312 2409 345 2443; x_wconf 71' lang='lat' dir='ltr'><strong>aa.</strong></span> <span class='ocrx_word' id='word_1_280' title='bbox 384 2399 435 2453; x_wconf 80' lang='lat' dir='ltr'><strong>Quo</strong></span> <span class='ocrx_word' id='word_1_281' title='bbox 448 2397 575 2454; x_wconf 84' lang='lat' dir='ltr'><strong>religionis,</strong></span> <span class='ocrx_word' id='word_1_282' title='bbox 596 2404 657 2458; x_wconf 89' lang='lat' dir='ltr'><strong>quod</strong></span> <span class='ocrx_word' id='word_1_283' title='bbox 672 2401 749 2452; x_wconf 84' lang='lat' dir='ltr'><strong>sciam,</strong></span> 
     </span>
     <span class='ocr_line' id='line_1_39' title="bbox 55 2454 670 2515; baseline -0.002 -15"><span class='ocrx_word' id='word_1_284' title='bbox 55 2468 187 2500; x_wconf 79' lang='lat' dir='ltr'><strong>ante&#39;tunm</strong></span> <span class='ocrx_word' id='word_1_285' title='bbox 202 2454 381 2498; x_wconf 85' lang='lat' dir='ltr'><strong>commilitonem</strong></span> <span class='ocrx_word' id='word_1_286' title='bbox 395 2455 468 2496; x_wconf 87' lang='lat' dir='ltr'><strong>adhuc</strong></span> <span class='ocrx_word' id='word_1_287' title='bbox 482 2471 549 2499; x_wconf 89' lang='lat' dir='ltr'><strong>nemo</strong></span> <span class='ocrx_word' id='word_1_288' title='bbox 563 2459 670 2515; x_wconf 82' lang='lat' dir='ltr'><strong>pervenit.</strong></span> 
     </span>
    </p>

    <p class='ocr_par' dir='ltr' id='par_1_13' title="bbox 48 2512 748 2858">
     <span class='ocr_line' id='line_1_40' title="bbox 110 2512 748 2571; baseline 0.006 -14"><span class='ocrx_word' id='word_1_289' title='bbox 110 2518 161 2557; x_wconf 82' lang='lat' dir='ltr'><strong>Non</strong></span> <span class='ocrx_word' id='word_1_290' title='bbox 183 2515 226 2557; x_wconf 88' lang='lat' dir='ltr'><strong>erit</strong></span> <span class='ocrx_word' id='word_1_291' title='bbox 248 2513 346 2562; x_wconf 86' lang='lat' dir='ltr'><strong>alienum</strong></span> <span class='ocrx_word' id='word_1_292' title='bbox 368 2521 390 2552; x_wconf 90' lang='lat' dir='ltr'><strong>et</strong></span> <span class='ocrx_word' id='word_1_293' title='bbox 404 2512 461 2552; x_wconf 87' lang='lat' dir='ltr'><strong>illud</strong></span> <span class='ocrx_word' id='word_1_294' title='bbox 476 2514 601 2563; x_wconf 83' lang='lat' dir='ltr'><strong>advertere,</strong></span> <span class='ocrx_word' id='word_1_295' title='bbox 626 2515 748 2571; x_wconf 81' lang='lat' dir='ltr'><strong>discipulos</strong></span> 
     </span>
     <span class='ocr_line' id='line_1_41' title="bbox 53 2569 748 2628; baseline 0.001 -13"><span class='ocrx_word' id='word_1_296' title='bbox 53 2589 119 2616; x_wconf 84' lang='lat' dir='ltr'><strong>usum</strong></span> <span class='ocrx_word' id='word_1_297' title='bbox 134 2573 241 2627; x_wconf 88' lang='lat' dir='ltr'><strong>loquendi</strong></span> <span class='ocrx_word' id='word_1_298' title='bbox 257 2572 281 2612; x_wconf 90' lang='lat' dir='ltr'><strong>in</strong></span> <span class='ocrx_word' id='word_1_299' title='bbox 297 2569 401 2611; x_wconf 88' lang='lat' dir='ltr'><strong>omnihus</strong></span> <span class='ocrx_word' id='word_1_300' title='bbox 417 2569 460 2610; x_wconf 87' lang='lat' dir='ltr'><strong>illis</strong></span> <span class='ocrx_word' id='word_1_301' title='bbox 477 2572 580 2628; x_wconf 81' lang='lat' dir='ltr'><strong>exemplis</strong></span> <span class='ocrx_word' id='word_1_302' title='bbox 596 2582 618 2614; x_wconf 87' lang='lat' dir='ltr'><strong>et</strong></span> <span class='ocrx_word' id='word_1_303' title='bbox 637 2582 696 2615; x_wconf 87' lang='lat' dir='ltr'><strong>recte</strong></span> <span class='ocrx_word' id='word_1_304' title='bbox 718 2585 748 2616; x_wconf 88' lang='lat' dir='ltr'><strong>te-</strong></span> 
     </span>
     <span class='ocr_line' id='line_1_42' title="bbox 52 2627 747 2687; baseline 0.003 -15"><span class='ocrx_word' id='word_1_305' title='bbox 52 2632 128 2672; x_wconf 77' lang='lat' dir='ltr'><strong>nuisse</strong></span> <span class='ocrx_word' id='word_1_306' title='bbox 144 2640 165 2671; x_wconf 87' lang='lat' dir='ltr'><strong>et</strong></span> <span class='ocrx_word' id='word_1_307' title='bbox 180 2630 246 2671; x_wconf 72' lang='lat' dir='ltr'><strong>fuisse</strong></span> <span class='ocrx_word' id='word_1_308' title='bbox 261 2633 358 2677; x_wconf 84' lang='lat' dir='ltr'><strong>secutos,</strong></span> <span class='ocrx_word' id='word_1_309' title='bbox 382 2627 499 2683; x_wconf 89' lang='lat' dir='ltr'><strong>quodnisi</strong></span> <span class='ocrx_word' id='word_1_310' title='bbox 517 2641 584 2678; x_wconf 82' lang='lat' dir='ltr'><strong>esset,</strong></span> <span class='ocrx_word' id='word_1_311' title='bbox 604 2631 638 2670; x_wconf 89' lang='lat' dir='ltr'><strong>vel</strong></span> <span class='ocrx_word' id='word_1_312' title='bbox 657 2630 747 2687; x_wconf 81' lang='lat' dir='ltr'><strong>linguae</strong></span> 
     </span>
     <span class='ocr_line' id='line_1_43' title="bbox 52 2682 748 2740; baseline 0.003 -13"><span class='ocrx_word' id='word_1_313' title='bbox 52 2684 183 2729; x_wconf 70' lang='lat' dir='ltr'><strong>rerrraeulae</strong></span> <span class='ocrx_word' id='word_1_314' title='bbox 198 2687 277 2729; x_wconf 85' lang='lat' dir='ltr'><strong>neritia</strong></span> <span class='ocrx_word' id='word_1_315' title='bbox 293 2686 337 2726; x_wconf 87' lang='lat' dir='ltr'><strong>illis</strong></span> <span class='ocrx_word' id='word_1_316' title='bbox 351 2682 426 2740; x_wconf 78' lang='lat' dir='ltr'><strong>negari</strong></span> <span class='ocrx_word' id='word_1_317' title='bbox 444 2686 545 2734; x_wconf 84' lang='lat' dir='ltr'><strong>deberet,</strong></span> <span class='ocrx_word' id='word_1_318' title='bbox 561 2689 597 2728; x_wconf 78' lang='lat' dir='ltr'><strong>vel</strong></span> <span class='ocrx_word' id='word_1_319' title='bbox 613 2688 664 2737; x_wconf 83' lang='lat' dir='ltr'><strong>dici,</strong></span> <span class='ocrx_word' id='word_1_320' title='bbox 683 2687 748 2731; x_wconf 56' lang='lat' dir='ltr'><strong>Chri-⁴</strong></span> 
     </span>
     <span class='ocr_line' id='line_1_44' title="bbox 51 2741 747 2800; baseline 0 -14"><span class='ocrx_word' id='word_1_321' title='bbox 51 2759 110 2786; x_wconf 83' lang='lat' dir='ltr'><strong>stum</strong></span> <span class='ocrx_word' id='word_1_322' title='bbox 129 2745 243 2799; x_wconf 74' lang='lat' dir='ltr'><strong>peregrino</strong></span> <span class='ocrx_word' id='word_1_323' title='bbox 259 2757 360 2784; x_wconf 88' lang='lat' dir='ltr'><strong>sermone</strong></span> <span class='ocrx_word' id='word_1_324' title='bbox 377 2744 404 2783; x_wconf 89' lang='lat' dir='ltr'><strong>ad</strong></span> <span class='ocrx_word' id='word_1_325' title='bbox 419 2741 468 2785; x_wconf 90' lang='lat' dir='ltr'><strong>illos</strong></span> <span class='ocrx_word' id='word_1_326' title='bbox 483 2741 552 2784; x_wconf 84' lang='lat' dir='ltr'><strong>fuisse</strong></span> <span class='ocrx_word' id='word_1_327' title='bbox 567 2746 675 2794; x_wconf 87' lang='lat' dir='ltr'><strong>locutum,</strong></span> <span class='ocrx_word' id='word_1_328' title='bbox 692 2760 747 2800; x_wconf 89' lang='lat' dir='ltr'><strong>quo·</strong></span> 
     </span>
     <span class='ocr_line' id='line_1_45' title="bbox 48 2800 744 2858; baseline -0.001 -12"><span class='ocrx_word' id='word_1_329' title='bbox 48 2817 101 2846; x_wconf 80' lang='lat' dir='ltr'><strong>rum</strong></span> <span class='ocrx_word' id='word_1_330' title='bbox 116 2812 193 2844; x_wconf 83' lang='lat' dir='ltr'><strong>utrum</strong></span> <span class='ocrx_word' id='word_1_331' title='bbox 205 2802 276 2857; x_wconf 82' lang='lat' dir='ltr'><strong>magis</strong></span> <span class='ocrx_word' id='word_1_332' title='bbox 290 2800 393 2857; x_wconf 85' lang='lat' dir='ltr'><strong>ineptum</strong></span> <span class='ocrx_word' id='word_1_333' title='bbox 408 2801 474 2853; x_wconf 87' lang='lat' dir='ltr'><strong>loret,</strong></span> <span class='ocrx_word' id='word_1_334' title='bbox 490 2811 521 2858; x_wconf 50' lang='lat' dir='ltr'><strong>¹tu</strong></span> <span class='ocrx_word' id='word_1_335' title='bbox 535 2800 623 2846; x_wconf 79' lang='lat' dir='ltr'><strong>videris.</strong></span> <span class='ocrx_word' id='word_1_336' title='bbox 658 2802 744 2848; x_wconf 85' lang='lat' dir='ltr'><strong>Vitium</strong></span> 
     </span>
    </p>
   </div>
   <div class='ocr_carea' id='block_1_12' title="bbox 0 0 848 3135">
    <p class='ocr_par' dir='ltr' id='par_1_14' title="bbox 0 0 848 3135">
     <span class='ocr_line' id='line_1_46' title="bbox 0 0 848 3135; baseline 0 6"><span class='ocrx_word' id='word_1_337' title='bbox 0 0 848 3135; x_wconf 95' lang='lat' dir='ltr'><strong> </strong></span> 
     </span>
    </p>
   </div>
  </div>
 </body>
</html>
