1686 3135
336 142 539 192 ’·-354-

116 284 150 319 est
170 269 232 313 enim
251 279 329 312 natura
345 277 508 323 comparatum,
526 276 552 307 nt
566 265 633 309 etiam
646 273 698 311 euin
714 279 760 310 non
776 279 812 310 co·

116 340 173 391 gunt
188 327 320 376 adversarii,
336 326 375 383 qui
386 323 472 370 ,similia
487 325 511 365 in
528 324 609 366 fabulis
623 337 716 381 putant,
738 338 814 366 causas
833 350 834 353 =

115 388 268 443 modumque,
289 393 410 441 'quantum
433 396 468 423 res
488 382 537 437 ipsa
557 382 649 436 tuleritp
664 383 813 439 anquirsmus.

116 444 223 502 Magister
237 454 288 483 tuus
304 450 367 497 urget
382 442 478 482 dictum:
494 441 585 494 angelus
597 445 714 491 percussit.
742 443 815 497 Quae·

116 521 156 549 ro:
180 517 208 545 an
228 498 376 555 ipnned'ate‘?
398 513 426 539 an
448 512 526 539 causae
550 497 640 539 alterius
667 497 814 538 interventu?

118 564 142 607 Si
163 560 274 616 primum,
297 556 373 598 nescio
392 570 460 612 quam
480 555 554 596 ideam
576 559 712 612 conjungere
737 555 815 610 possit,

119 620 160 678 qui
177 620 203 659 de
218 613 336 670 spirituum
353 612 483 668 operatione
498 613 584 653 nullam
598 613 725 654 habeamus.
754 610 816 652 Hine

118 683 163 734 jam
178 684 228 715 ante
242 672 307 716 XVll,
327 671 401 711 secuta
420 668 507 711 Flavius
522 671 630 725 Josephus
647 671 713 712 aliani
726 676 819 711 causam

118 729 243 789 requisivit,
259 727 296 768 cui
312 727 368 769 ratio
385 727 546 782 acquiesceret;
562 728 639 768 scribit
648 727 721 770 enirn:
738 730 818 777 „dior-

119 793 147 834 ὀρ
159 788 277 845 pestilenti
288 788 311 828 iu
322 785 463 828 Snzacnntbt
472 787 592 827 exercitum
604 788 707 840 immisso,
722 793 816 834 185‚000

120 853 232 893 interemit
239 850 283 896 e).“
813 875 814 878 ,

178 903 281 947 Aliorum
300 900 386 942 diversa
404 901 528 943 tentamina
552 900 651 943 Calmrti
672 899 744 943 verbis
767 899 817 947 tibi,

119 966 154 1009 mi
170 968 260 1010 Comes,
275 958 300 999 in
315 954 572 1014 compendio‘referam
596 972 647 999 cum
670 972 750 1016 operae
768 971 818 1011 pre-

121 1019 181 1066 tinm
197 1031 243 1059 non
257 1016 286 1057 sit
300 1016 335 1057 bis
349 1013 476 1065 immorari,
497 1030 553 1071 quae
568 1016 598 1058 ita
614 1019 721 1071 'cuiusque
741 1015 818 1057 relicte

121 1089 175 1124 sunt
190 1073 285 1120 arbitrio,
301 1083 327 1113 ut
342 1072 464 1129 quamlibet
477 1074 612 1116 sententiam
627 1074 742 1129 praeferas,
758 1071 818 1113 nihil

121 1137 215 1180 intersit.
245 1130 281 1173 Ait
296 1140 381 1173 autem:
411 1131 477 1177 „Sive
493 1130 555 1172 enirn
571 1141 660 1188 gentem
675 1130 756 1188 perimi
767 1144 818 1172 con·

122 1192 200 1250 tigerit
214 1199 281 1245 peste,
298 1191 387 1241 ruo-rho,
403 1187 490 1243 gladio,
506 1202 566 1230 unus
575 1199 613 1230 vest
627 1190 718 1245 angelus
732 1185 819 1235 mortis,

123 1251 163 1309 qui
178 1246 277 1305 gladium
292 1260 360 1286 suum
382 1244 485 1288 exseruit,
519 1247 557 1287 Vel
576 1246 659 1300 Assyrii
675 1246 819 1286 inmusuam

123 1308 215 1352 eaedem
231 1304 375 1359 intempestae
389 1301 461 1342 noctis
477 1304 568 1345 horrore
582 1304 713 1353 saevierint3
728 1302 776 1345 sive
787 1311 819 1344 to·

123 1366 199 1414 niun,
213 1362 313 1417 fragore,
328 1370 350 1401 et
366 1358 511 1401 concussione
530 1360 622 1415 spiritus
643 1359 819 1402 vintercluderen-

122 1435 172 1471 ,tur;
188 1420 234 1462 sire
249 1421 300 1475 igne
316 1416 407 1459 coelitus
424 1416 523 1472 delapso,
540 1418 587 1459 sive
602 1417 703 1473 fulgure,
717 1416 763 1459 sive
778 1415 820 1457 im-

123 1479 197 1523 missis
213 1475 300 1517 intimis
316 1474 429 1515 ulceribus
443 1473 583 1524 interierint,
599 1474 646 1515 sive
661 1490 672 1515 e
687 1474 743 1516 saxis
758 1486 821 1529 prae·

125 1534 204 1591 cipites
220 1548 242 1574 se
258 1531 370 1573 dederint:
393 1545 452 1571 unus
468 1540 501 1571 est
516 1533 606 1586 angelus
621 1531 700 1573 mortis
722 1531 820 1572 inferens

125 1593 211 1637 caedes.
243 1591 274 1631 Ita
289 1587 365 1630 omnia
380 1586 501 1641 scripturae
516 1589 571 1638 loca,
587 1588 625 1629 ubi
641 1589 668 1629 de
684 1591 763 1632 haere
779 1601 821 1629 ser-

125 1665 176 1701 mo,
194 1660 215 1689 et
229 1647 304 1689 variae
321 1659 346 1686 sc
360 1647 386 1685 in
403 1644 499 1699 speciem
515 1655 662 1701 repugnantes
687 1655 823 1688 commenta·

125 1709 212 1756 riorum
227 1702 347 1761 opiniones
362 1701 511 1742 conciliantur
520 1701 552 1760 s)
582 1703 632 1744 Non
648 1702 822 1758 poterataptior

126 1774 196 1816 satyra
219 1761 285 1804 scribi
305 1758 330 1800 in
351 1769 417 1799 tuum
437 1759 583 1814 Magistrum,
611 1760 650 1816 qui
673 1776 719 1802 non
740 1759 821 1808 videat,

127 1822 230 1877 angelum
251 1819 290 1860 hic
308 1815 366 1858 nihil
388 1831 435 1858 esse
458 1814 502 1858 nisi
523 1816 635 1859 indicium
651 1819 740 1860 divinae
755 1816 822 1858 ultio·

126 1880 171 1922 nis.

186 1935 230 1977 Sed
249 1933 304 1990 quid
324 1944 379 1989 opus
400 1929 490 1979 multis,
512 1934 602 1987 quando
622 1935 685 1986 Isajas
702 1934 729 1973 de
745 1932 823 1974 eadem

128 2005 200 2048 strage
214 1994 309 2048 loquens
329 1992 372 2030 ait:
402 1993 514 2043 „Propter
531 1993 573 2030 lzoc
593 1995 669 2032 nunu
683 1993 786 2033 ‹tnrntnns
799 1993 823 2030 iu

127 2051 248 2107 pinguibus
257 2052 304 2089 eius
313 2050 457 2095 tenuitatem,
480 2057 502 2087 et
515 2048 593 2088 subtus
607 2049 700 2102 glorium
715 2052 761 2108 ejus·
771 2063 823 2089 ruc-

128 2124 193 2152 eeusa
205 2108 294 2149 ardebit
304 2107 498 2163 quasicorubustio
510 2108 591 2159 iguis.“
608 2118 647 2154 10,
664 2117 697 2152 16.
731 2110 756 2148 In
773 2105 823 2161 qui·

128 2170 171 2208 bus
192 2164 233 2208 etsi
252 2179 299 2206 non
319 2164 385 2219 plane
405 2173 491 2204 constat
512 2163 539 2204 de
562 2162 654 2205 notione
669 2162 744 2212 vocis,
765 2177 841 2219 quae

128 2225 168 2267 hic
189 2238 229 2279 per
251 2219 507 2276 tenuitatensvertitur3
526 2222 610 2262 clarum
626 2230 699 2262 tumen
716 2231 760 2271 est,
780 2234 823 2262 nec

129 2285 203 2327 hanc,
218 2295 260 2322 nec
275 2282 383 2332 inertem,
400 2278 461 2334 quod
476 2277 514 2318 alii
530 2277 668 2332 praeferunt,
690 2278 822 2328 convenire;

130 2339 170 2381 sed
183 2340 253 2388 maius
267 2338 352 2378 malurn
367 2334 461 2377 indicari
477 2345 566 2391 propter
582 2336 755 2391 parallelismum
772 2336 824 2377 slte-

125 2397 178 2439 rius
194 2392 300 2447 membri,
315 2395 355 2435 ubi
369 2407 421 2435 cum
437 2393 585 2434 courbustieus
599 2395 659 2447 ignis
677 2403 824 2450 permutatur.

132 2454 201 2509 Quod
215 2452 285 2509 inagis
300 2450 367 2492 etiarn
381 2460 441 2506 patet
456 2464 468 2491 e
483 2449 608 2506 sophoniae
625 2461 649 2503 2,
671 2463 717 2497 112:
737 2450 824 2502 „horri-

131 2510 183 2551 bilis
204 2511 308 2550 donimus
330 2522 397 2563 super
417 2521 465 2558 eos,
485 2518 507 2547 et
529 2508 658 2550 attenuabit
677 2522 754 2550 omnes
771 2509 824 2550 deus

117 2572 217 2608 terrae·
237 2565 278 2607 ubi
299 2566 396 2619 ejusdem
426 2563 506 2606 radicis
532 2567 626 2608 verbum
650 2567 733 2625 pariter
751 2565 823 2609 lenius

131 2671 271 2680 ——---

161 2741 182 2797 e)
194 2742 242 2783 Ant.
250 2741 300 2783 Lib.
310 2740 338 2783 X.
351 2741 401 2795 Cap.
410 2748 429 2783 1.
441 2739 459 2792 §
473 2746 492 2783 5.
516 2736 613 2796 DDiss.
625 2734 651 2782 de
663 2737 740 2796 dissip.
755 2753 823 2781 exere.

186 2801 274 2846 Senaoh.
285 2800 323 2841 sub
334 2799 371 2840 fin.
383 2799 408 2839 Τ.
422 2808 441 2842 1.
455 2814 475 2854 p·
486 2805 536 2843 542.
581 2846 584 2849 ,
