1686 3135
317 160 478 211 -an-1-

63 282 256 334 tricassinorum
270 280 506 325 Bethlehemtticarutn
521 289 625 332 matrum
642 299 684 328 nec
700 285 763 327 aliud

62 334 110 398 ipse
123 341 256 396 evangelista
272 341 333 387 facit,
363 339 477 395 Sapienter
499 352 552 394 ergo
569 355 581 380 e
601 341 673 395 priore
695 358 761 399 quae-

60 400 91 441 rit
107 398 223 454 Magister:
240 408 343 450 „atvero
359 399 383 438 in
399 398 443 436 hoc
455 411 523 437 sensu
540 394 629 450 literali,
645 400 684 439 nbi
700 402 761 442 istud

59 457 164 501 solatium
180 455 283 497 Rachelis
298 467 331 496 est
347 469 372 496 ex
387 453 558 509 recuperatione
575 453 687 503 filiorum,
704 473 760 513 quos

10 508 12 513 Α
59 512 156 557 Romani
177 514 227 555 neci
244 511 385 553 tradiderunt
396 513 451 561 c]?⁴‘
481 512 514 551 Ex
531 512 600 552 altero
616 524 704 556 autem&
722 515 759 559 ..in

59 573 102 613 hac
124 572 191 614 caede
213 570 341 617 infantum,
373 568 497 625 quidpiam·
517 569 584 610 etiam
610 571 663 618 erit,
692 574 760 628 Aquod

3 639 11 680 ξ
56 641 112 672 ‘cum
133 629 284 670 consolatione
306 643 332 670 ex
353 627 427 668 reditu
448 627 547 667 tribuum
575 630 758 671 convenientiam

56 688 156 743 aliquam
172 685 321 742 habeatdytr
351 688 385 726 En
411 685 451 727 tibi
471 686 557 741 stipites
577 697 692 741 praeustas
714 690 757 729 Da-

57 744 134 785 videm
155 743 271 786 Michaelis
294 754 316 785 et
336 740 475 789 Calmetnm.
498 743 536 799 qui
553 743 576 784 in
592 744 694 786 abductis
716 749 758 787 Ba·

56 803 162 856 bylonem
178 811 200 842 et
217 803 283 843 caede
297 800 422 851 infantum,
442 802 527 841 solatia
543 816 588 842 non
605 797 696 844 videant
711 819 756 844 ma·

57 870 122 899 trum.
152 861 199 917 Ego
216 861 327 901 hlatthaeo
342 858 471 913 compatior,
488 859 527 912 qui
543 873 589 899 non
603 858 686 900 viderit
701 876 754 907 cum

56 918 119 958 luctu
134 918 307 959 consolationem
319 916 385 958 etiam
400 918 535 971 jungendam
555 916 678 969 matribus,
698 934 753 975 quo·

55 973 118 1015 niam
137 975 169 1017 sie
189 975 325 1029 placiturum
348 984 403 1015 esset
424 974 477 1014 olim
495 973 601 1028 Magistro
646 977 682 1031 Tu
699 990 752 1030 crgo

54 1029 107 1072 vide
123 1046 191 1087 quam
207 1031 278 1072 facilis
292 1030 387 1073 victoria
403 1033 437 1077 sit,
454 1031 472 1072 si
488 1031 582 1085 appulso
599 1031 625 1070 ad
643 1031 753 1074 fallaciam

54 1088 143 1141 animo,
159 1092 233 1131 lucem
249 1098 363 1144 permutes
379 1088 489 1138 tenebris,
506 1090 606 1128 luctuosa
621 1092 733 1139 jucundis.

109 1146 136 1188 *Si
153 1147 248 1203 cupidus
264 1162 287 1188 es
303 1145 402 1197 sciendi,
425 1145 481 1201 quid
497 1143 549 1184 novi
566 1146 665 1186 attulerit
682 1148 753 1204 Magi-

1 1199 7 1259 ξ
53 1203 100 1245 εἰεί
119 1206 210 1259 (merito
231 1204 291 1245 enim
313 1204 338 1244 id
354 1213 480 1259 exspectes,
499 1216 571 1257 aquo
588 1218 666 1244 omnes
684 1221 752 1260 vapu-

1 1264 6 1313 ξ
50 1262 110 1315 lant.)
132 1261 208 1318 paucis
228 1260 310 1317 aceipe.
346 1260 452 1302 ieremias
473 1271 514 1310 31,
536 1270 570 1305 31.
594 1262 637 1302 ait:
661 1265 751 1305 vernent

51 1320 112 1368 dies,
125 1322 319 1371 dieitDomt'nzts,
341 1317 453 1376 alferium
471 1320 547 1358 dotntti
560 1321 751 1363 Israeletdomui

49 1373 204 1437 Jtidafoedus
214 1392 304 1426 novum,
316 1401 341 1408 -
358 1376 419 1432 quod
433 1375 467 1416 illi
486 1377 512 1416 de
529 1375 661 1421 Christianis
677 1390 748 1422 sonat.

1 1439 6 1487 J}
48 1435 90 1475 Per
105 1430 173 1477 fidem
189 1449 240 1491 ergo
256 1434 308 1476 facti
325 1447 403 1474 snmus
419 1447 493 1474 semen
508 1433 624 1480 Abrahae,
641 1440 707 1476 Isaac
726 1448 749 1477 'et

4 1492 6 1534 ἶ
49 1492 118 1532 Jacob
126 1507 133 1542 3
148 1507 200 1547 ergo
221 1502 243 1532 et
258 1490 299 1532 filii
318 1494 387 1542 sara,
403 1491 529 1537 Rebeccae,
552 1492 606 1530 Line
624 1501 646 1531 et
663 1497 748 1535 Rache-

4 1553 5 1558 ’
49 1549 83 1590 lis.
114 1549 175 1591 Inter
191 1548 249 1590 filios
265 1563 317 1604 ergo
333 1546 376 1589 Dei
393 1562 443 1588 cum
460 1547 598 1602 pertinerent
608 1547 704 1593 infantes
720 1553 747 1592 ab

48 1607 138 1648 Herode
153 1604 272 1655 interfecti,
287 1620 362 1647 semen
379 1606 488 1653 Abrahae,
504 1602 638 1661 divinaeque
655 1610 748 1662 promis·

3 1688 4 1692 =
47 1662 116 1705 sionis
131 1664 249 1705 haeredes:
266 1677 302 1703 eos
322 1663 415 1718 recipiet
435 1663 519 1704 Rachel
538 1661 562 1701 in
585 1664 628 1703 vita
649 1666 746 1708 coelesti:

1 1718 5 1764 i
47 1718 129 1762 Merito
152 1732 203 1776 ergo
225 1722 252 1761 ad
272 1722 312 1761 hos
333 1720 398 1760 etiam
422 1720 518 1760 infantes
539 1721 678 1769 Matthaeus,
702 1726 745 1764 hoc

46 1777 154 1820 Ieremiae
165 1777 299 1819 vaticinium
315 1776 426 1824 extendit,
444 1777 551 1832 quoniam
565 1780 605 1818 sub
621 1788 672 1833 typo
689 1780 745 1821 fitio-

2 1834 4 1884 ξ
46 1849 97 1876 rum
112 1836 210 1876 Abrahae
227 1846 250 1875 et
264 1845 402 1890 posterorum
418 1834 520 1875 Rachelis
536 1849 548 1874 e
567 1834 695 1889 captivitate
711 1851 744 1877 re-

1 1885 5 1929 i
45 1892 195 1942 vertentium,
208 1892 377 1948 intelliguntur,
398 1891 437 1946 qui
454 1889 578 1945 perfidem
600 1905 744 1935 revertuntur

45 1949 70 1989 in
91 1950 186 2002 patriam
208 1950 339 1996 coelestem,
360 1949 421 1989 unde
440 1962 479 2003 per
501 1958 617 2003 peccatum
634 1950 744 2007 originale

1 2005 4 2027 ‘³
45 2004 181 2049 exciderant:
215 2008 244 2047 Ut
266 2006 389 2047 hodiedum
410 2005 538 2061 parturiunt
553 2007 650 2048 montes!
683 2010 743 2063 Qua·

45 2071 96 2104 tuor
115 2063 203 2120 paginis
225 2077 281 2120 opus
302 2073 358 2110 erat,
373 2073 410 2103 ‘ut-
425 2065 468 2103 hoc
489 2074 642 2104 commentum
663 2065 743 2117 mysti-

44 2133 95 2160 cum
109 2120 152 2163 tibi
167 2124 303 2170 extunderet,
320 2120 383 2161 catius
398 2120 487 2161 nullum
503 2119 527 2159 in
543 2118 605 2160 litera
620 2123 741 2178 vestigium

44 2187 90 2225 est,
107 2187 129 2219 et
143 2178 180 2221 cui
194 2188 315 2235 perpetuus
330 2192 383 2220 usns
398 2177 506 2234 loquendi
521 2189 637 2233 repugnae
762 2176 765 2179 ⁴

100 2236 205 2277 ieremias
226 2237 286 2277 enim
307 2236 334 2277 de
354 2238 425 2278 lsrael
444 2246 466 2276 et
484 2236 544 2276 sada
564 2235 674 2291 loquens,
695 2237 741 2279 He·

43 2293 118 2335 braeos
141 2292 258 2349 intelligit⁷
284 2294 393 2334 carnalem
420 2291 512 2347 stirpem
538 2293 646 2337 Abrahae,
689 2296 741 2352 Qua

41 2349 114 2390 fronte
133 2365 185 2405 ergo
205 2354 250 2392 hoc
270 2352 339 2392 sumit
360 2352 386 2394 de
401 2348 550 2398 Christianis,
566 2351 604 2405 qui
619 2365 695 2393 snmus
712 2367 740 2393 ex

42 2406 165 2460 gentibus?
198 2409 294 2449 Paulum
317 2409 391 2450 attulit
407 2409 435 2450 ad
451 2410 516 2450 Hebr.
533 2417 560 2454 8,
577 2417 596 2453 8·
632 2411 673 2450 Sed
690 2423 738 2451 non

40 2461 109 2516 vidit,
128 2467 224 2507 Paulum
240 2481 252 2507 e
271 2467 322 2507 loco
336 2466 422 2520 prolixo
441 2464 549 2507 ieremiae
571 2475 657 2507 tantum
673 2481 739 2507 usur·

40 2534 91 2577 pare
103 2519 187 2581 foedus
196 2539 289 2574 novam,
305 2539 316 2566 e
332 2538 376 2579 quo
392 2523 491 2580 legitime
507 2522 585 2563 intulit
596 2522 674 2564 divino
685 2538 738 2565 con-

39 2575 88 2619 silio
103 2581 228 2637 abroganda
244 2581 321 2637 legalia
338 2596 357 2623 v.
374 2593 407 2627 13.
424 2580 457 2621 uti
477 2580 538 2621 idem
558 2580 613 2630 feeit
631 2595 656 2622 ex
677 2595 737 2625 novo

39 2639 164 2679 sacerdotio
178 2640 350 2681 rtletchtssdecta·
365 2639 437 2695 capite
456 2637 560 2692 septimo.
594 2639 656 2679 Idem
676 2654 737 2695 pror·

40 2734 178 2751 *———--

67 2809 87 2860 c)
99 2809 150 2853 nn
181 2809 203 2873 a)
215 2811 267 2851 isis.
277 2826 325 2868 pag.
339 2819 389 2857 aar.

510 2863 574 2909 ΑΗ
