1686 3135
310 146 513 215 '-3to-

146 291 211 337 Tune
227 306 279 349 ergo
290 290 315 332 in
329 292 373 332 boc
387 304 460 332 rerum
477 299 536 331 statu
551 303 598 332 uon
612 290 697 344 vidisti,
713 306 781 349 quam

87 352 125 395 elii
149 350 246 408 politicis
273 349 400 397 decausis,
420 348 509 404 regibus
524 359 546 389 et
560 349 700 405 principibus
716 365 780 407 quae·

85 412 164 453 rebant
178 408 299 459 invidiam,
315 421 363 448 earn
377 408 500 462 augendam
518 420 578 454 esse,
594 407 649 447 dum
664 408 725 450 idem
736 408 780 465 agis

85 467 188 525 religioso
204 475 334 521 praetextu,
350 475 373 505 et
387 465 501 520 oppressae
516 463 540 504 in
566 464 653 504 Austria
676 465 728 506 fidei
744 467 781 507 ob·

84 525 167 568 rentu‘?
203 528 284 565 Annon
304 521 393 576 vidisti7
417 521 589 562 hermeneuticis
617 523 672 562 baec
696 523 780 563 inferre

84 584 174 628 litibus,
194 595 241 622 esse
265 579 399 634 dcspbiuum
422 578 490 630 sylvis
518 578 647 637 appingere,
674 578 779 620 fluctibus

85 636 184 696 aprum?
223 637 308 676 Noram
334 649 415 692 nempe
436 637 585 679 bermencutis
608 638 697 692 parabas
721 635 778 677 invi·

85 698 160 745 diam;
176 696 215 736 scd
230 691 302 748 fragili
325 706 433 748 quaerens
453 691 540 734 illidere
561 695 662 742 dentem,
684 692 778 736 offendis

83 753 167 802 solido,
189 751 227 808 qui
249 750 327 791 vestris
342 764 430 792 causam
449 762 496 790 uon
512 752 614 807 praebuit
629 766 729 808 unquam
744 766 779 792 su·

81 810 235 867 spiclonibus;
252 806 291 863 qui
307 821 358 847 cum
374 817 470 848 vestram
490 807 578 863 penitus
598 809 710 864 perspexit
729 808 778 849 ino-

81 869 158 925 pium,
177 878 226 908 turn
246 865 317 921 spatio
338 866 458 906 lustrorum
473 875 555 905 vestras
570 866 699 907 medullitus
715 867 779 908 callet

81 936 137 967 artes
152 926 246 967 fallaces.
276 922 370 963 Illudere
386 920 495 962 voluisti?
511 922 591 963 tectius
603 923 714 979 oportuit:
739 924 779 964 fal·

80 984 127 1024 lere
148 981 266 1023 incautos?
302 978 355 1021 Doli
376 992 423 1019 uon
442 989 495 1020 sunt
511 979 570 1030 doli,
589 979 632 1020 uisi
648 990 696 1021 astu
712 981 777 1023 coles.

82 1039 205 1082 Gallinario
221 1039 314 1079 latenter
328 1040 351 1077 in
367 1036 464 1077 tenebris
481 1037 568 1093 obrepit
588 1039 706 1092 vulpecula
726 1052 777 1079 cau-

80 1107 117 1139 ta:
131 1110 171 1139 vos
187 1096 236 1151 ipso
252 1096 276 1135 in
293 1094 386 1135 meridie
400 1094 510 1149 plenaque
525 1096 588 1141 luce,
604 1108 655 1135 cum
671 1096 777 1137 vocifera·

79 1155 141 1196 tione
157 1168 169 1194 e
184 1151 272 1194 latebris
289 1150 404 1207 erupistis,
419 1151 522 1193 homines
538 1167 590 1194 sane
604 1152 698 1195 ridendi.

140 1209 230 1252 Tamne
243 1209 350 1259 demum,
365 1207 397 1249 mi
414 1214 505 1255 Comes,
521 1224 601 1264 parum
617 1211 688 1250 cernis
705 1221 775 1257 acute,

78 1280 168 1320 uranon
185 1267 265 1308 sentias
280 1269 322 1308 hac
338 1277 399 1308 tauta
415 1266 555 1307 accusatione
570 1265 629 1322 ipsos
644 1269 698 1308 adeo
714 1282 776 1322 prae·

79 1329 139 1370 soles
151 1324 216 1381 peti?
254 1326 388 1381 Unquamue
408 1323 483 1365 diviua
503 1323 582 1379 religio
604 1323 629 1364 iu
650 1326 775 1366 humanum

78 1383 245 1442 politicumque
260 1393 354 1435 systema
368 1395 430 1423 versa
446 1381 542 1424 estsine
562 1381 711 1435 martyribus?
741 1385 774 1424 An

78 1456 139 1484 unus
161 1451 187 1481 tu
208 1450 254 1480 tam
276 1440 365 1493 lynceos
386 1440 453 1480 habes
474 1438 562 1491 oculos,
583 1449 609 1480 ut
629 1440 689 1496 quotl
707 1454 774 1481 nemo

79 1498 163 1545 sensit,
182 1509 249 1538 nemo
271 1496 395 1550 suspicatus
415 1505 460 1544 est,
480 1497 539 1537 solus
559 1495 694 1552 perspexeris
709 1509 775 1551 atque

78 1554 222 1613 palpaverit?
252 1553 357 1608 Suspicor
371 1553 467 1606 factum,
487 1553 549 1609 quod
564 1557 611 1606 eJ'us
634 1566 656 1593 es
678 1554 773 1609 discipu-

78 1618 125 1660 lus,
141 1611 180 1666 qui
197 1611 257 1666 quod
272 1623 338 1651 nemo
353 1610 421 1658 vidit,
435 1610 454 1650 is
469 1610 551 1651 unicus
566 1611 641 1650 tenuit
661 1610 772 1662 manibus,

77 1668 203 1713 haereticos
224 1682 264 1708 uos
284 1680 329 1707 esse
344 1677 409 1722 atque
424 1666 565 1715 incredulos,
586 1676 664 1723 quarto
680 1669 772 1709 demum

77 1730 148 1770 lustro
164 1724 264 1766 muneris
279 1724 375 1779 publici!
391 1729 409 1776 §.
424 1735 445 1769 7.
474 1724 512 1766 Vel
528 1723 585 1765 forte
600 1725 709 1766 Austriaci
731 1724 771 1765 im-

76 1784 134 1842 perii
153 1782 245 1824 illustris
266 1783 393 1837 praesulum
412 1795 505 1829 corona,
529 1783 583 1824 adeo
604 1782 646 1823 tibi
663 1781 716 1823 vilis
731 1794 769 1833 est,

75 1854 104 1884 ut
123 1841 142 1881 si
162 1839 293 1881 intendisses
313 1839 390 1882 oculos
416 1853 515 1895 rogasses
539 1840 647 1887 frontem,
669 1844 770 1891 jactasses

75 1912 168 1944 manns,
185 1898 309 1951 pedemque
325 1895 455 1952 applosisses
469 1898 527 1939 solo:
542 1900 606 1939 velut
621 1900 735 1938 obscuram
746 1899 770 1937 in

75 1956 176 2013 partibus
192 1953 319 1995 infidelium
334 1952 456 2005 coloniam,
471 1964 534 1997 metu
549 1964 615 2012 atque
630 1966 710 1996 terrore
722 1969 770 1995 exa-

74 2011 195 2055 nimandos
219 2012 303 2067 putes?
343 2011 397 2053 Non
421 2012 468 2062 sic,
491 2013 524 2054 mi
546 2013 637 2055 Comes:
657 2010 700 2053 Uni
717 2010 787 2055 {Jovi‘

75 2070 131 2112 olim
147 2069 223 2110 datum
238 2067 282 2109 fuit
296 2067 387 2115 nivibus
401 2082 633 2127 conspueremontes:
649 2068 697 2117 tibi,
712 2082 768 2125 quos

4 2132 16 2148 *¹
74 2128 149 2174 voles,
165 2124 251 2182 probris
267 2139 388 2182 conspuere
403 2142 450 2169 uon
466 2128 525 2170 licet.
556 2130 691 2183 Supremam
708 2126 769 2182 quod
814 2140 816 2148 ¹

73 2183 170 2282 {uberem
192 2184 250 2225 illud
269 2193 313 2225 est:
334 2195 356 2225 te
377 2198 453 2241 parem
473 2200 520 2228 esse
535 2185 653 2242 politicum
667 2197 692 2226 ac
707 2185 767 2225 theo·

84 2254 159 2298 opum.

392 2337 411 2384 §-
440 2342 490 2378 204.

131 2414 159 2454 ln
176 2410 262 2467 epilogo
279 2410 391 2467 specimen
408 2413 488 2454 dedisti
504 2413 635 2455 eruditionis
645 2412 766 2453 historicae

73 2470 127 2511 dum
138 2469 230 2510 scribis:
247 2469 374 2524 „quaelibet
387 2469 439 2512 falsa
448 2469 601 2526 interpretatio
610 2475 657 2511 'nos
666 2469 691 2516 in
708 2482 766 2509 erro-

72 2541 120 2567 rem
139 2525 247 2567 inducere
267 2536 350 2581 potest,
382 2537 404 2569 et
421 2537 447 2568 ut
470 2526 549 2570 melius
568 2528 640 2568 dicam
663 2541 716 2568 cum
735 2528 763 2566 D.

71 2584 218 2637 Hieronymo,
234 2596 274 2639 pro
289 2586 339 2623 lesu
355 2583 438 2625 Christi
455 2585 569 2640 evangelio
585 2584 683 2627 hominis
700 2588 764 2625 evan·

72 2640 153 2696 geliuus
177 2640 277 2695 excipere
295 2655 420 2697 possumus.
458 2643 578 2699 Quomodo
599 2640 674 2683 evenit
693 2639 764 2682 omni·

71 2698 124 2748 bus,
141 2697 179 2753 qui
196 2702 222 2739 ab
237 2697 329 2739 ecclesia
344 2700 451 2742 catholica
466 2709 614 2747 recesserunt,
631 2699 715 2754 quique
731 2697 763 2747 in-

71 2755 240 2808 terpretatioues
258 2770 291 2800 ex:
304 2755 396 2800 arbitrio
417 2756 523 2799 confictas
540 2758 685 2813 adoptarunt,
706 2764 763 2810 puto

71 2815 211 2864 dormiant,
231 2814 384 2866 cerinthiani,
403 2817 541 2864 Ebionistae,
562 2817 601 2872 qui
611 2816 683 2869 primo
691 2813 764 2855 seculo
