1686 3135
310 142 489 214 u*sor-4

41 298 87 340 sius
108 304 190 347 nempe
208 299 229 333 et
251 290 367 333 Harnelius
389 285 486 332 Jesuitae
505 288 530 328 111
552 287 647 353 collegio
667 291 737 332 Leva-

40 351 125 398 1110ηεὶ,
147 351 210 391 enno
228 358 283 396 1588
301 360 343 391 tres
357 356 474 405 sequentes
485 345 648 403 propositiones
659 347 735 388 delerr-

41 411 133 451 derunt:

99 478 118 511 1.
151 468 182 511 Ut
204 467 290 518 aliquid
311 466 342 506 sit
366 480 383 505 s.
399 464 524 516 scriptura,
550 477 594 503 non
613 470 648 501 est
663 468 738 503 necesi'

40 528 134 572 sarium,
160 526 248 580 singulo
269 526 315 566 eins
333 523 401 563 verta
422 524 535 577 inspirata
555 536 600 561 esre
618 535 633 560 a
652 522 738 574 spiritu

40 592 125 626 sancto.

99 653 117 685 2.
148 642 201 681 Non
220 649 253 680 est
270 641 427 690 necessarium,
443 647 469 680 ut
482 638 583 691 singulae
593 638 702 678 veritates
713 645 737 678 et

39 700 168 742 reverentiae
169 700 216 739 sint
223 700 350 740 imnredr'ate
359 713 374 739 a
386 699 468 751 spiritu
480 705 559 738 sarecto
568 698 613 751 ipsi
627 696 736 750 scriptori
758 744 761 751 Ι

39 760 170 813 inspiratae

96 827 115 860 3,
146 814 259 856 Liberi
233 816 329 873 1111111111,
360 815 435 872 pirolis
457 822 490 856 est
507 809 609 881 fortasse
628 812 737 853 secundus·

40 872 236 924 Maccahaeorum,
251 876 347 916 nummu
361 874 472 915 incluseris
491 874 537 913 stne
549 872 679 912 assistentia
690 871 737 921 spi-

37 935 94 974 ritus
104 933 295 984 sarrctiscriptus,
315 934 334 973 si
350 934 444 986 spiritns
461 947 476 972 s.
494 938 574 986 postea
590 937 687 970 testetur
701 928 736 970 ibi

38 991 93 1033 1111111
106 1006 150 1030 esse
157 986 282 1047 fraterrime
272 990 367 1048 efficitur
378 993 490 1043 scriptura
504 1002 575 1029 sacru.
579 993 592 1013 “

95 1051 140 1089 Has
155 1057 229 1087 tamen
242 1050 386 1089 Loooniensis
397 1046 508 1088 academia
523 1053 578 1091 1581
586 1076 591 1092 ,
605 1046 735 1087 Duecensis

37 1115 112 1147 autem
126 1113 181 1150 1588
194 1105 295 1159 sequenti
310 1119 400 1146 censura
416 1113 533 1146 notarunt
550 1106 682 1157 Peregrina,
699 1101 736 1162 of-

33 1161 135 1222 seusina,
152 1172 174 1203 et
183 1163 307 1215 periculosa
316 1164 435 1216 dogmata,
449 1157 567 1228 manifesti
581 1164 661 1202 erroris
676 1165 736 1216 peri-

37 1223 107 1262 cnlum
119 1223 254 1262 continentia
268 1222 300 1273 b).
331 1221 373 1261 Sed
381 1231 405 1261 et
419 1218 530 1275 episcopi,
556 1219 656 1275 proximo
674 1233 735 1261 anno

37 1279 62 1321 in
77 1294 101 1319 s
88 1280 162 1332 ynodo
178 1279 310 1343 provinciali
327 1291 361 1319 eas
372 1276 519 1342 proscribere
537 1280 655 1331 parabant,
678 1287 736 1319 erat·

36 1351 119 1392 qaeu
95 1336 119 1376 fu
121 1341 202 1387 turum,
218 1335 261 1376 nisi
277 1350 355 1379 causae
371 1333 529 1376 intercessisset
551 1334 623 1377 Sirtus
639 1338 665 1378 V.
677 1349 735 1390 pon·

35 1393 103 1446 tifex,
125 1368 257 1448 11111,1111011
277 1394 366 1433 nullum
388 1405 463 1433 secum
483 1392 573 1432 veheret
598 1392 732 1458 pericplpm,

35 1449 90 1491 huic
105 1460 156 1491 cont
158 1450 266 1491 orversiae
282 1447 370 1505 penitus
386 1447 516 1504 supersedit.
553 1451 584 1489 Ex
598 1452 641 1489 hoc
662 1450 733 1515 igitur

35 1518 165 1562 tempore
150 1506 194 1547 iam
210 1508 302 1549 liberius
318 1516 482 1563 propugnatne,
503 1515 568 1562 atque
589 1509 615 1548 ab
637 1506 734 1548 auctori·
754 1550 758 1554 ,

34 1566 75 1607 bus
90 1579 130 1621 pro
146 1564 191 1607 suis
207 1564 307 1620 agnitae,
322 1579 461 1606 sunrrnornm
477 1577 567 1620 quoque
582 1564 683 1606 virorum
698 1564 732 1610 ita

35 1623 184 1678 probabantur
203 1621 303 1676 judiciis,
322 1632 348 1662 ut
368 1623 387 1662 si
409 1621 541 1676 Magistrum
563 1632 628 1662 tuum
648 1625 731 1672 demas,

34 1680 150 1719 neminem
166 1679 268 1722 invenias
284 1680 352 1722 1101110
369 1682 510 1734 scriptorem,
530 1678 569 1734 qui
589 1681 661 1721 ullum
676 1680 733 1724 inda

35 1736 161 1801 periculum
177 1737 290 1778 ominetur
305 1752 346 1778 auc
349 1736 462 1778 totitatis
478 1737 598 1784 librorum,
622 1738 730 1794 quoniam

35 1795 122 1834 assertis
140 1802 204 1850 suapt
206 1811 217 1837 e
197 1791 412 1847 trationabilibus,
433 1807 445 1834 e
461 1804 550 1850 patrum
565 1808 654 1851 quoque
677 1809 731 1843 0011-

34 1864 113 1902 ε·,111111
128 1852 146 1891 si
163 1853 250 1900 lubeat,
265 1844 402 1919 praesidium
417 1865 497 1893 sumas

91 1883 167 1950 Videas
182 1911 248 1957 hinc,
265 1909 296 1950 mi
314 1913 401 1961 Comes,
418 1920 527 1965 quantum
541 1910 668 1967 opiniones,
683 1911 730 1962 talo

33 1965 98 2008 nixae
119 1981 275 2022 quarnounque
297 1967 402 2015 infirmo,
425 1968 580 2009 convalescant
600 1955 731 2034 seculorum

33 2038 88 2075 usu,
104 2034 129 2063 ut
144 2025 186 2065 nisi
202 2024 318 2066 obfirmato
335 2025 428 2065 omnino
444 2024 473 2066 sis
496 2025 570 2066 animo
587 2026 610 2066 in
626 2025 727 2074 veritate,

34 2057 114 2122 fruslra
132 2096 222 2122 moneas
237 2081 336 2133 meliora,
352 2091 374 2121 et
388 2081 538 2137 nequicquam
548 2083 654 2123 obnitaris
666 2097 729 2137 prae-

32 2138 121 2191 judiciis
135 2137 295 2194 plurimorum,
312 2137 351 2195 qui
367 2152 412 2178 non
431 2138 496 2180 fidem
512 2140 587 2205 modo,
603 2139 661 2181 sed'
655 2153 728 2193 ipsam

33 2210 122 2252 quoque
145 2207 245 2236 veterum
261 2194 369 2238 tractandi
392 2207 425 2236 ra
426 2210 501 2237 ionem
519 2198 550 2238 ita
570 2196 665 2253 eupiunt
686 2197 728 2238 im-

31 2264 91 2295 mota
108 2264 227 2304 retentam,
243 2264 269 2294 ut
284 2255 302 2295 si
318 2255 390 2294 latum
404 2268 503 2308 unguem
518 2266 666 2296 transversum
683 2270 726 2302 eas,

31 2309 194 2364 suspicionibus
211 2321 233 2351 et
248 2310 347 2353 dicteriis
363 2321 384 2351 te
399 2311 500 2379 undique
514 2315 577 2354 velut
599 2324 644 2354 atra
667 2316 727 2355 nube

32 2366 156 2416 involvant,
173 2379 194 2409 et
207 2367 338 2424 religionem
353 2369 452 2410 scelere
446 2371 516 2425 impio
529 2381 658 2412 temeratam
675 2386 728 2412 con-

31 2424 134 2466 clament.
170 2424 259 2474 Videas,
281 2437 307 2467 ut
330 2426 354 2465 id
375 2440 443 2482 genus
468 2438 563 2484 antiqui
565 2440 609 2471 ates
634 2429 726 2478 Patroni

30 2481 69 2536 pio
84 2496 173 2537 prorsus
189 2483 262 2524 studio
279 2483 408 2539 optimoque
429 2485 516 2534 animo,
536 2485 655 2551 necessaria
676 2489 727 2528 sub

32 2540 120 2580 trabant
135 2540 241 2594 praesidia
257 2540 327 2581 literis
345 2550 366 2581 et
380 2540 497 2596 religioni,
514 2543 568 2584 dum
585 2542 639 2584 mire
655 2555 727 2585 muta-

32 2595 61 2635 tis
82 2598 141 2652 apud
161 2597 295 2641 adversarios
313 2597 416 2654 judiciis,
439 2601 592 2653 systematibus
617 2600 725 2659 omnique

31 2692 169 2710 ’.ἱ-ῃ·-

59 2765 80 2820 l)
93 2768 156 2811 Rich.
171 2771 291 2826 Sinnin.
301 2771 351 2814 Crit.
365 2767 421 2816 Nor*¹
436 2774 494 2816 Test.
507 2775 569 2819 Tam.
579 2786 604 2820 ’1.
619 2777 671 2833 Cap.
688 2787 722 2822 23.

80 2836 107 2869 et
116 2836 152 2874 24.
