<?xml version="1.0" encoding="UTF-8"?>
<!DOCTYPE html PUBLIC "-//W3C//DTD XHTML 1.0 Transitional//EN"
    "http://www.w3.org/TR/xhtml1/DTD/xhtml1-transitional.dtd">
<html xmlns="http://www.w3.org/1999/xhtml" xml:lang="en" lang="en">
 <head>
  <title>
</title>
<meta http-equiv="Content-Type" content="text/html;charset=utf-8" />
  <meta name='ocr-system' content='tesseract 3.04.00' />
  <meta name='ocr-capabilities' content='ocr_page ocr_carea ocr_par ocr_line ocrx_word'/>
</head>
<body>
  <div class='ocr_page' id='page_1' title='image "MN41804ucmf_3_0434.png"; bbox 0 0 1686 3135; ppageno 0'>
   <div class='ocr_carea' id='block_1_1' title="bbox 389 139 549 188">
    <p class='ocr_par' dir='ltr' id='par_1_1' title="bbox 389 139 549 188">
     <span class='ocr_line' id='line_1_1' title="bbox 389 139 549 188; baseline 0 -18"><span class='ocrx_word' id='word_1_1' title='bbox 389 139 549 188; x_wconf 34' lang='lat' dir='ltr'>mm...</span> 
     </span>
    </p>
   </div>
   <div class='ocr_carea' id='block_1_2' title="bbox 120 256 820 369">
    <p class='ocr_par' dir='ltr' id='par_1_2' title="bbox 120 256 820 369">
     <span class='ocr_line' id='line_1_2' title="bbox 120 256 820 312; baseline 0.004 -13"><span class='ocrx_word' id='word_1_2' title='bbox 120 256 245 312; x_wconf 63' lang='lat' dir='ltr'>jndicemr‘</span> <span class='ocrx_word' id='word_1_3' title='bbox 278 259 328 300; x_wconf 84' lang='lat' dir='ltr'>Hoc</span> <span class='ocrx_word' id='word_1_4' title='bbox 346 271 420 299; x_wconf 88' lang='lat' dir='ltr'>unum</span> <span class='ocrx_word' id='word_1_5' title='bbox 442 259 505 307; x_wconf 87' lang='lat' dir='ltr'>dico,</span> <span class='ocrx_word' id='word_1_6' title='bbox 525 273 577 303; x_wconf 83' lang='lat' dir='ltr'>ers</span> <span class='ocrx_word' id='word_1_7' title='bbox 598 259 732 312; x_wconf 77' lang='lat' dir='ltr'>maluerit,</span> <span class='ocrx_word' id='word_1_8' title='bbox 748 261 820 305; x_wconf 76' lang='lat' dir='ltr'>homi-</span> 
     </span>
     <span class='ocr_line' id='line_1_3' title="bbox 121 315 576 369; baseline 0.007 -10"><span class='ocrx_word' id='word_1_9' title='bbox 121 330 176 359; x_wconf 86' lang='lat' dir='ltr'>nem</span> <span class='ocrx_word' id='word_1_10' title='bbox 190 315 249 369; x_wconf 85' lang='lat' dir='ltr'>nulli</span> <span class='ocrx_word' id='word_1_11' title='bbox 263 317 383 360; x_wconf 85' lang='lat' dir='ltr'>molestum</span> <span class='ocrx_word' id='word_1_12' title='bbox 402 331 450 360; x_wconf 90' lang='grc' dir='ltr'>ιιοιι</span> <span class='ocrx_word' id='word_1_13' title='bbox 465 319 576 363; x_wconf 72' lang='lat' dir='ltr'>lacessere.</span> 
     </span>
    </p>
   </div>
   <div class='ocr_carea' id='block_1_3' title="bbox 441 414 540 463">
    <p class='ocr_par' dir='ltr' id='par_1_3' title="bbox 441 414 540 463">
     <span class='ocr_line' id='line_1_4' title="bbox 441 414 540 463; baseline 0.022 -9"><span class='ocrx_word' id='word_1_14' title='bbox 441 414 460 463; x_wconf 87' lang='lat'>§</span> <span class='ocrx_word' id='word_1_15' title='bbox 491 420 540 456; x_wconf 81' lang='lat'>260</span> 
     </span>
    </p>
   </div>
   <div class='ocr_carea' id='block_1_4' title="bbox 122 489 828 2633">
    <p class='ocr_par' dir='ltr' id='par_1_4' title="bbox 122 489 824 1472">
     <span class='ocr_line' id='line_1_5' title="bbox 181 489 820 558; baseline 0 -25"><span class='ocrx_word' id='word_1_16' title='bbox 181 489 231 533; x_wconf 86' lang='lat' dir='ltr'>Nisi</span> <span class='ocrx_word' id='word_1_17' title='bbox 251 504 302 537; x_wconf 80' lang='lat' dir='ltr'>vos,</span> <span class='ocrx_word' id='word_1_18' title='bbox 322 489 354 530; x_wconf 90' lang='lat' dir='ltr'>mi</span> <span class='ocrx_word' id='word_1_19' title='bbox 376 493 468 540; x_wconf 79' lang='lat' dir='ltr'>Comes,</span> <span class='ocrx_word' id='word_1_20' title='bbox 490 490 530 547; x_wconf 87' lang='lat' dir='ltr'>qui</span> <span class='ocrx_word' id='word_1_21' title='bbox 550 489 575 532; x_wconf 93' lang='lat' dir='ltr'>in</span> <span class='ocrx_word' id='word_1_22' title='bbox 591 492 694 534; x_wconf 77' lang='lat' dir='ltr'>Jahniam</span> <span class='ocrx_word' id='word_1_23' title='bbox 709 492 820 558; x_wconf 72' lang='lat' dir='ltr'>conspira-</span> 
     </span>
     <span class='ocr_line' id='line_1_6' title="bbox 126 545 820 602; baseline -0.003 -11"><span class='ocrx_word' id='word_1_24' title='bbox 126 545 179 602; x_wconf 76' lang='lat' dir='ltr'>stis,</span> <span class='ocrx_word' id='word_1_25' title='bbox 199 545 324 589; x_wconf 78' lang='lat' dir='ltr'>insatiabile</span> <span class='ocrx_word' id='word_1_26' title='bbox 346 550 462 590; x_wconf 76' lang='lat' dir='ltr'>cacoethes</span> <span class='ocrx_word' id='word_1_27' title='bbox 487 549 613 592; x_wconf 86' lang='lat' dir='ltr'>aemulandi</span> <span class='ocrx_word' id='word_1_28' title='bbox 629 560 651 590; x_wconf 91' lang='lat' dir='ltr'>et</span> <span class='ocrx_word' id='word_1_29' title='bbox 671 552 733 591; x_wconf 66' lang='lat' dir='ltr'>malo</span> <span class='ocrx_word' id='word_1_30' title='bbox 735 550 765 589; x_wconf 71' lang='lat' dir='ltr'>lte</span> <span class='ocrx_word' id='word_1_31' title='bbox 768 548 820 589; x_wconf 71' lang='lat' dir='ltr'>eruli</span> 
     </span>
     <span class='ocr_line' id='line_1_7' title="bbox 125 604 819 662; baseline -0.001 -14"><span class='ocrx_word' id='word_1_32' title='bbox 125 616 226 662; x_wconf 81' lang='lat' dir='ltr'>urgeret·</span> <span class='ocrx_word' id='word_1_33' title='bbox 250 604 293 646; x_wconf 84' lang='lat' dir='ltr'>nisi</span> <span class='ocrx_word' id='word_1_34' title='bbox 309 604 367 647; x_wconf 89' lang='lat' dir='ltr'>livor</span> <span class='ocrx_word' id='word_1_35' title='bbox 382 605 434 647; x_wconf 89' lang='lat' dir='ltr'>alias</span> <span class='ocrx_word' id='word_1_36' title='bbox 448 606 551 649; x_wconf 85' lang='lat' dir='ltr'>omnium</span> <span class='ocrx_word' id='word_1_37' title='bbox 567 622 641 649; x_wconf 86' lang='lat' dir='ltr'>rerum</span> <span class='ocrx_word' id='word_1_38' title='bbox 657 606 738 650; x_wconf 83' lang='lat' dir='ltr'>formae</span> <span class='ocrx_word' id='word_1_39' title='bbox 755 606 791 650; x_wconf 66' lang='lat' dir='ltr'>o?</span> <span class='ocrx_word' id='word_1_40' title='bbox 791 623 819 647; x_wconf 88' lang='grc' dir='ltr'>ι</span> 
     </span>
     <span class='ocr_line' id='line_1_8' title="bbox 124 663 820 722; baseline -0.001 -16"><span class='ocrx_word' id='word_1_41' title='bbox 124 673 157 706; x_wconf 81' lang='lat' dir='ltr'>ret</span> <span class='ocrx_word' id='word_1_42' title='bbox 176 663 245 704; x_wconf 87' lang='lat' dir='ltr'>oculis</span> <span class='ocrx_word' id='word_1_43' title='bbox 263 662 353 704; x_wconf 81' lang='lat' dir='ltr'>vestris:</span> <span class='ocrx_word' id='word_1_44' title='bbox 376 663 456 721; x_wconf 81' lang='lat' dir='ltr'>gratias</span> <span class='ocrx_word' id='word_1_45' title='bbox 477 664 570 720; x_wconf 82' lang='lat' dir='ltr'>ageretis</span> <span class='ocrx_word' id='word_1_46' title='bbox 592 664 682 707; x_wconf 84' lang='lat' dir='ltr'>divinae</span> <span class='ocrx_word' id='word_1_47' title='bbox 702 679 740 722; x_wconf 72' lang='lat' dir='ltr'>pru</span> <span class='ocrx_word' id='word_1_48' title='bbox 737 666 820 707; x_wconf 80' lang='lat' dir='ltr'>›riden-</span> 
     </span>
     <span class='ocr_line' id='line_1_9' title="bbox 124 719 821 780; baseline 0.004 -20"><span class='ocrx_word' id='word_1_49' title='bbox 124 721 179 769; x_wconf 87' lang='lat' dir='ltr'>tiae,</span> <span class='ocrx_word' id='word_1_50' title='bbox 201 735 257 776; x_wconf 88' lang='lat' dir='ltr'>quae</span> <span class='ocrx_word' id='word_1_51' title='bbox 278 719 347 762; x_wconf 89' lang='lat' dir='ltr'>literis</span> <span class='ocrx_word' id='word_1_52' title='bbox 369 722 484 763; x_wconf 83' lang='lat' dir='ltr'>catholicis</span> <span class='ocrx_word' id='word_1_53' title='bbox 503 726 564 764; x_wconf 88' lang='lat' dir='ltr'>hunc</span> <span class='ocrx_word' id='word_1_54' title='bbox 589 723 663 763; x_wconf 88' lang='lat' dir='ltr'>virum</span> <span class='ocrx_word' id='word_1_55' title='bbox 685 723 773 780; x_wconf 54' lang='lat' dir='ltr'>praestit</span> <span class='ocrx_word' id='word_1_56' title='bbox 770 721 821 763; x_wconf 74' lang='lat' dir='ltr'>ierit</span> 
     </span>
     <span class='ocr_line' id='line_1_10' title="bbox 123 778 821 837; baseline -0.001 -15"><span class='ocrx_word' id='word_1_57' title='bbox 123 780 167 822; x_wconf 88' lang='lat' dir='ltr'>hoc</span> <span class='ocrx_word' id='word_1_58' title='bbox 188 789 299 834; x_wconf 82' lang='lat' dir='ltr'>tempore,</span> <span class='ocrx_word' id='word_1_59' title='bbox 324 779 362 835; x_wconf 85' lang='lat' dir='ltr'>qui</span> <span class='ocrx_word' id='word_1_60' title='bbox 384 778 464 821; x_wconf 85' lang='lat' dir='ltr'>iisdem</span> <span class='ocrx_word' id='word_1_61' title='bbox 480 781 559 826; x_wconf 83' lang='lat' dir='ltr'>armis,</span> <span class='ocrx_word' id='word_1_62' title='bbox 580 780 672 837; x_wconf 84' lang='lat' dir='ltr'>ingenio</span> <span class='ocrx_word' id='word_1_63' title='bbox 692 791 714 822; x_wconf 85' lang='lat' dir='ltr'>et</span> <span class='ocrx_word' id='word_1_64' title='bbox 730 791 821 821; x_wconf 87' lang='lat' dir='ltr'>ceuten·</span> 
     </span>
     <span class='ocr_line' id='line_1_11' title="bbox 122 837 822 895; baseline 0.003 -18"><span class='ocrx_word' id='word_1_65' title='bbox 122 837 186 879; x_wconf 80' lang='lat' dir='ltr'>tione</span> <span class='ocrx_word' id='word_1_66' title='bbox 210 837 368 880; x_wconf 84' lang='lat' dir='ltr'>revelationem</span> <span class='ocrx_word' id='word_1_67' title='bbox 395 848 439 878; x_wconf 89' lang='lat' dir='ltr'>vet</span> <span class='ocrx_word' id='word_1_68' title='bbox 463 848 512 882; x_wconf 80' lang='lat' dir='ltr'>test.</span> <span class='ocrx_word' id='word_1_69' title='bbox 540 849 656 886; x_wconf 80' lang='lat' dir='ltr'>assereret,</span> <span class='ocrx_word' id='word_1_70' title='bbox 678 840 758 895; x_wconf 72' lang='lat' dir='ltr'>quibus</span> <span class='ocrx_word' id='word_1_71' title='bbox 779 840 822 879; x_wconf 82' lang='lat' dir='ltr'>hac</span> 
     </span>
     <span class='ocr_line' id='line_1_12' title="bbox 124 895 821 960; baseline 0 -23"><span class='ocrx_word' id='word_1_72' title='bbox 124 905 195 941; x_wconf 80' lang='lat' dir='ltr'>aetate</span> <span class='ocrx_word' id='word_1_73' title='bbox 216 895 290 960; x_wconf 80' lang='lat' dir='ltr'>coepit</span> <span class='ocrx_word' id='word_1_74' title='bbox 309 895 451 960; x_wconf 78' lang='lat' dir='ltr'>impugnari3</span> <span class='ocrx_word' id='word_1_75' title='bbox 477 911 566 952; x_wconf 90' lang='lat' dir='ltr'>unaque</span> <span class='ocrx_word' id='word_1_76' title='bbox 595 896 727 952; x_wconf 75' lang='lat' dir='ltr'>discipliuae</span> <span class='ocrx_word' id='word_1_77' title='bbox 753 896 821 937; x_wconf 83' lang='lat' dir='ltr'>huius</span> 
     </span>
     <span class='ocr_line' id='line_1_13' title="bbox 123 951 822 1017; baseline -0.001 -22"><span class='ocrx_word' id='word_1_78' title='bbox 123 953 244 995; x_wconf 85' lang='lat' dir='ltr'>cultores</span> <span class='ocrx_word' id='word_1_79' title='bbox 238 953 266 994; x_wconf 83' lang='lat' dir='ltr'>tis</span> <span class='ocrx_word' id='word_1_80' title='bbox 283 953 407 1017; x_wconf 80' lang='lat' dir='ltr'>praesidiis</span> <span class='ocrx_word' id='word_1_81' title='bbox 429 951 558 1001; x_wconf 80' lang='lat' dir='ltr'>instrueret,</span> <span class='ocrx_word' id='word_1_82' title='bbox 581 953 661 1009; x_wconf 81' lang='lat' dir='ltr'>quibus</span> <span class='ocrx_word' id='word_1_83' title='bbox 681 968 754 996; x_wconf 82' lang='lat' dir='ltr'>carere</span> <span class='ocrx_word' id='word_1_84' title='bbox 774 967 822 994; x_wconf 88' lang='lat' dir='ltr'>non</span> 
     </span>
     <span class='ocr_line' id='line_1_14' title="bbox 123 1009 823 1066; baseline 0.003 -17"><span class='ocrx_word' id='word_1_85' title='bbox 123 1009 202 1066; x_wconf 83' lang='lat' dir='ltr'>possis,</span> <span class='ocrx_word' id='word_1_86' title='bbox 217 1011 236 1052; x_wconf 86' lang='lat' dir='ltr'>si</span> <span class='ocrx_word' id='word_1_87' title='bbox 253 1011 340 1052; x_wconf 90' lang='lat' dir='ltr'>animus</span> <span class='ocrx_word' id='word_1_88' title='bbox 357 1023 397 1062; x_wconf 88' lang='lat' dir='ltr'>est,</span> <span class='ocrx_word' id='word_1_89' title='bbox 412 1015 436 1052; x_wconf 88' lang='lat' dir='ltr'>in</span> <span class='ocrx_word' id='word_1_90' title='bbox 453 1015 511 1053; x_wconf 85' lang='lat' dir='ltr'>hanc</span> <span class='ocrx_word' id='word_1_91' title='bbox 525 1027 613 1053; x_wconf 83' lang='lat' dir='ltr'>arenam</span> <span class='ocrx_word' id='word_1_92' title='bbox 629 1013 677 1066; x_wconf 84' lang='lat' dir='ltr'>pari</span> <span class='ocrx_word' id='word_1_93' title='bbox 691 1027 741 1052; x_wconf 86' lang='lat' dir='ltr'>cunr</span> <span class='ocrx_word' id='word_1_94' title='bbox 754 1011 788 1053; x_wconf 66' lang='lat' dir='ltr'>lae</span> <span class='ocrx_word' id='word_1_95' title='bbox 787 1012 823 1051; x_wconf 75' lang='lat' dir='ltr'>ule</span> 
     </span>
     <span class='ocr_line' id='line_1_15' title="bbox 124 1068 823 1125; baseline -0.004 -15"><span class='ocrx_word' id='word_1_96' title='bbox 124 1068 265 1111; x_wconf 70' lang='lat' dir='ltr'>descendere.</span> <span class='ocrx_word' id='word_1_97' title='bbox 297 1073 331 1110; x_wconf 86' lang='lat' dir='ltr'>Da</span> <span class='ocrx_word' id='word_1_98' title='bbox 347 1070 517 1111; x_wconf 84' lang='lat' dir='ltr'>introductione</span> <span class='ocrx_word' id='word_1_99' title='bbox 533 1069 601 1121; x_wconf 85' lang='lat' dir='ltr'>illius,</span> <span class='ocrx_word' id='word_1_100' title='bbox 617 1084 684 1125; x_wconf 80' lang='lat' dir='ltr'>opere</span> <span class='ocrx_word' id='word_1_101' title='bbox 700 1083 753 1109; x_wconf 76' lang='lat' dir='ltr'>sane</span> <span class='ocrx_word' id='word_1_102' title='bbox 763 1082 823 1124; x_wconf 78' lang='lat' dir='ltr'>egre</span> 
     </span>
     <span class='ocr_line' id='line_1_16' title="bbox 124 1124 823 1190; baseline 0.003 -26"><span class='ocrx_word' id='word_1_103' title='bbox 124 1125 175 1190; x_wconf 83' lang='lat' dir='ltr'>gio,</span> <span class='ocrx_word' id='word_1_104' title='bbox 196 1127 236 1167; x_wconf 84' lang='lat' dir='ltr'>sed</span> <span class='ocrx_word' id='word_1_105' title='bbox 255 1124 319 1167; x_wconf 87' lang='lat' dir='ltr'>trbr</span> <span class='ocrx_word' id='word_1_106' title='bbox 312 1141 436 1176; x_wconf 79' lang='lat' dir='ltr'>inaccesso</span> <span class='ocrx_word' id='word_1_107' title='bbox 459 1137 482 1168; x_wconf 90' lang='lat' dir='ltr'>tu</span> <span class='ocrx_word' id='word_1_108' title='bbox 502 1128 602 1179; x_wconf 76' lang='lat' dir='ltr'>Judtcate</span> <span class='ocrx_word' id='word_1_109' title='bbox 618 1138 744 1182; x_wconf 72' lang='lat' dir='ltr'>noupttes</span> <span class='ocrx_word' id='word_1_110' title='bbox 777 1130 823 1168; x_wconf 67' lang='lat' dir='ltr'>lla</span> 
     </span>
     <span class='ocr_line' id='line_1_17' title="bbox 123 1181 823 1249; baseline 0.001 -27"><span class='ocrx_word' id='word_1_111' title='bbox 123 1181 192 1239; x_wconf 87' lang='lat' dir='ltr'>gister</span> <span class='ocrx_word' id='word_1_112' title='bbox 208 1198 234 1224; x_wconf 86' lang='lat' dir='ltr'>ex</span> <span class='ocrx_word' id='word_1_113' title='bbox 249 1199 342 1227; x_wconf 88' lang='lat' dir='ltr'>munere</span> <span class='ocrx_word' id='word_1_114' title='bbox 356 1185 430 1237; x_wconf 83' lang='lat' dir='ltr'>judex,</span> <span class='ocrx_word' id='word_1_115' title='bbox 446 1200 492 1226; x_wconf 87' lang='lat' dir='ltr'>non</span> <span class='ocrx_word' id='word_1_116' title='bbox 508 1196 581 1240; x_wconf 82' lang='lat' dir='ltr'>potest</span> <span class='ocrx_word' id='word_1_117' title='bbox 592 1186 691 1249; x_wconf 74' lang='lat' dir='ltr'>probare</span> <span class='ocrx_word' id='word_1_118' title='bbox 707 1183 749 1224; x_wconf 83' lang='lat' dir='ltr'>uisi</span> <span class='ocrx_word' id='word_1_119' title='bbox 763 1185 823 1225; x_wconf 66' lang='lat' dir='ltr'>ilam-</span> 
     </span>
     <span class='ocr_line' id='line_1_18' title="bbox 124 1240 823 1320; baseline 0 -40"><span class='ocrx_word' id='word_1_120' title='bbox 124 1250 164 1281; x_wconf 82' lang='lat' dir='ltr'>uat</span> <span class='ocrx_word' id='word_1_121' title='bbox 179 1255 230 1290; x_wconf 80' lang='lat' dir='ltr'>sutt;</span> <span class='ocrx_word' id='word_1_122' title='bbox 248 1244 334 1298; x_wconf 83' lang='lat' dir='ltr'>fertque</span> <span class='ocrx_word' id='word_1_123' title='bbox 349 1256 409 1296; x_wconf 82' lang='lat' dir='ltr'>usus,</span> <span class='ocrx_word' id='word_1_124' title='bbox 425 1251 577 1309; x_wconf 84' lang='lat' dir='ltr'>paupertatem</span> <span class='ocrx_word' id='word_1_125' title='bbox 593 1240 695 1285; x_wconf 78' lang='lat' dir='ltr'>invidam</span> <span class='ocrx_word' id='word_1_126' title='bbox 711 1256 757 1282; x_wconf 81' lang='lat' dir='ltr'>esse</span> <span class='ocrx_word' id='word_1_127' title='bbox 769 1255 823 1320; x_wconf 66' lang='lat' dir='ltr'>opu·</span> 
     </span>
     <span class='ocr_line' id='line_1_19' title="bbox 123 1298 823 1356; baseline 0.001 -18"><span class='ocrx_word' id='word_1_128' title='bbox 123 1298 212 1340; x_wconf 79' lang='lat' dir='ltr'>tentiae.</span> <span class='ocrx_word' id='word_1_129' title='bbox 249 1299 324 1355; x_wconf 85' lang='lat' dir='ltr'>Quid</span> <span class='ocrx_word' id='word_1_130' title='bbox 331 1314 381 1356; x_wconf 80' lang='lat' dir='ltr'>ergo</span> <span class='ocrx_word' id='word_1_131' title='bbox 402 1301 498 1347; x_wconf 85' lang='lat' dir='ltr'>mirum,</span> <span class='ocrx_word' id='word_1_132' title='bbox 522 1300 539 1342; x_wconf 92' lang='lat' dir='ltr'>si</span> <span class='ocrx_word' id='word_1_133' title='bbox 560 1299 593 1340; x_wconf 90' lang='lat' dir='ltr'>uil</span> <span class='ocrx_word' id='word_1_134' title='bbox 615 1299 658 1341; x_wconf 79' lang='lat' dir='ltr'>nisi</span> <span class='ocrx_word' id='word_1_135' title='bbox 682 1300 737 1340; x_wconf 89' lang='lat' dir='ltr'>ruala</span> <span class='ocrx_word' id='word_1_136' title='bbox 754 1299 823 1347; x_wconf 72' lang='lat' dir='ltr'>ridel,</span> 
     </span>
     <span class='ocr_line' id='line_1_20' title="bbox 124 1356 822 1413; baseline -0.001 -17"><span class='ocrx_word' id='word_1_137' title='bbox 124 1357 163 1412; x_wconf 91' lang='lat' dir='ltr'>qui</span> <span class='ocrx_word' id='word_1_138' title='bbox 183 1359 240 1398; x_wconf 89' lang='lat' dir='ltr'>bona</span> <span class='ocrx_word' id='word_1_139' title='bbox 260 1371 307 1399; x_wconf 87' lang='lat' dir='ltr'>nou</span> <span class='ocrx_word' id='word_1_140' title='bbox 332 1368 435 1413; x_wconf 83' lang='lat' dir='ltr'>quaerat,</span> <span class='ocrx_word' id='word_1_141' title='bbox 455 1371 497 1398; x_wconf 89' lang='lat' dir='ltr'>nec</span> <span class='ocrx_word' id='word_1_142' title='bbox 517 1356 609 1413; x_wconf 69' lang='lat' dir='ltr'>cupiat?</span> <span class='ocrx_word' id='word_1_143' title='bbox 645 1360 671 1397; x_wconf 92' lang='lat' dir='ltr'>lu</span> <span class='ocrx_word' id='word_1_144' title='bbox 690 1356 753 1397; x_wconf 82' lang='lat' dir='ltr'>hac</span> <span class='ocrx_word' id='word_1_145' title='bbox 747 1356 822 1413; x_wconf 71' lang='lat' dir='ltr'>igitur,</span> 
     </span>
     <span class='ocr_line' id='line_1_21' title="bbox 124 1413 824 1472; baseline -0.003 -18"><span class='ocrx_word' id='word_1_146' title='bbox 124 1413 165 1454; x_wconf 90' lang='lat' dir='ltr'>etsi</span> <span class='ocrx_word' id='word_1_147' title='bbox 181 1429 221 1470; x_wconf 82' lang='lat' dir='ltr'>per</span> <span class='ocrx_word' id='word_1_148' title='bbox 237 1414 312 1455; x_wconf 88' lang='lat' dir='ltr'>omnia</span> <span class='ocrx_word' id='word_1_149' title='bbox 328 1416 436 1472; x_wconf 77' lang='lat' dir='ltr'>egregio</span> <span class='ocrx_word' id='word_1_150' title='bbox 451 1416 475 1455; x_wconf 89' lang='lat' dir='ltr'>in</span> <span class='ocrx_word' id='word_1_151' title='bbox 492 1416 608 1455; x_wconf 77' lang='lat' dir='ltr'>asserenda</span> <span class='ocrx_word' id='word_1_152' title='bbox 623 1425 698 1455; x_wconf 88' lang='lat' dir='ltr'>tamen</span> <span class='ocrx_word' id='word_1_153' title='bbox 713 1416 808 1455; x_wconf 77' lang='lat' dir='ltr'>lu&#39;rtorr&#39;a</span> <span class='ocrx_word' id='word_1_154' title='bbox 809 1427 824 1452; x_wconf 78' lang='grc' dir='ltr'>ιι</span> 
     </span>
    </p>

    <p class='ocr_par' dir='ltr' id='par_1_5' title="bbox 124 1472 825 1932">
     <span class='ocr_line' id='line_1_22' title="bbox 125 1472 825 1528; baseline 0 -17"><span class='ocrx_word' id='word_1_155' title='bbox 125 1472 351 1519; x_wconf 67' lang='grc' dir='ltr'>Ζίιῖιιοιιιιιιιιιὶιιιιι,</span> <span class='ocrx_word' id='word_1_156' title='bbox 367 1487 438 1527; x_wconf 84' lang='lat' dir='ltr'>equa</span> <span class='ocrx_word' id='word_1_157' title='bbox 454 1474 536 1528; x_wconf 73' lang='lat' dir='ltr'>pendet</span> <span class='ocrx_word' id='word_1_158' title='bbox 551 1472 701 1527; x_wconf 79' lang='lat' dir='ltr'>prodigiorum</span> <span class='ocrx_word' id='word_1_159' title='bbox 718 1472 785 1522; x_wconf 75' lang='lat' dir='ltr'>fide53</span> <span class='ocrx_word' id='word_1_160' title='bbox 802 1481 825 1511; x_wconf 82' lang='lat' dir='ltr'>et</span> 
     </span>
     <span class='ocr_line' id='line_1_23' title="bbox 125 1530 824 1585; baseline -0.003 -13"><span class='ocrx_word' id='word_1_161' title='bbox 125 1530 150 1572; x_wconf 90' lang='lat' dir='ltr'>iu</span> <span class='ocrx_word' id='word_1_162' title='bbox 167 1532 299 1584; x_wconf 58' lang='lat' dir='ltr'>hepteris,</span> <span class='ocrx_word' id='word_1_163' title='bbox 314 1544 409 1585; x_wconf 85' lang='lat' dir='ltr'>quorum</span> <span class='ocrx_word' id='word_1_164' title='bbox 424 1530 523 1581; x_wconf 83' lang='lat' dir='ltr'>oracula</span> <span class='ocrx_word' id='word_1_165' title='bbox 540 1539 565 1569; x_wconf 92' lang='lat' dir='ltr'>ut</span> <span class='ocrx_word' id='word_1_166' title='bbox 580 1540 649 1580; x_wconf 86' lang='lat' dir='ltr'>uostr</span> <span class='ocrx_word' id='word_1_167' title='bbox 673 1530 765 1571; x_wconf 80' lang='lat' dir='ltr'>alterum</span> <span class='ocrx_word' id='word_1_168' title='bbox 789 1544 824 1570; x_wconf 84' lang='lat' dir='ltr'>re</span> 
     </span>
     <span class='ocr_line' id='line_1_24' title="bbox 125 1562 825 1640; baseline -0.001 -12"><span class='ocrx_word' id='word_1_169' title='bbox 125 1587 244 1629; x_wconf 84' lang='lat' dir='ltr'>velationis</span> <span class='ocrx_word' id='word_1_170' title='bbox 261 1588 357 1627; x_wconf 84' lang='lat' dir='ltr'>fulcrum</span> <span class='ocrx_word' id='word_1_171' title='bbox 374 1599 436 1640; x_wconf 82' lang='lat' dir='ltr'>suut,</span> <span class='ocrx_word' id='word_1_172' title='bbox 455 1562 642 1635; x_wconf 82' lang='lat' dir='ltr'>itaelaborarit‚</span> <span class='ocrx_word' id='word_1_173' title='bbox 656 1597 681 1626; x_wconf 92' lang='lat' dir='ltr'>ut</span> <span class='ocrx_word' id='word_1_174' title='bbox 695 1588 770 1627; x_wconf 87' lang='lat' dir='ltr'>nullus</span> <span class='ocrx_word' id='word_1_175' title='bbox 787 1588 825 1627; x_wconf 91' lang='lat' dir='ltr'>ha·</span> 
     </span>
     <span class='ocr_line' id='line_1_25' title="bbox 125 1642 825 1698; baseline -0.003 -12"><span class='ocrx_word' id='word_1_176' title='bbox 125 1655 205 1686; x_wconf 77' lang='lat' dir='ltr'>crenus</span> <span class='ocrx_word' id='word_1_177' title='bbox 221 1656 256 1686; x_wconf 87' lang='lat' dir='ltr'>cat</span> <span class='ocrx_word' id='word_1_178' title='bbox 249 1642 343 1704; x_wconf 77' lang='lat' dir='ltr'>thelicus</span> <span class='ocrx_word' id='word_1_179' title='bbox 365 1654 469 1686; x_wconf 69' lang='lat' dir='ltr'>tractator</span> <span class='ocrx_word' id='word_1_180' title='bbox 488 1654 556 1698; x_wconf 80' lang='lat' dir='ltr'>scrip</span> <span class='ocrx_word' id='word_1_181' title='bbox 550 1658 661 1692; x_wconf 76' lang='lat' dir='ltr'>uratum</span> <span class='ocrx_word' id='word_1_182' title='bbox 683 1655 709 1685; x_wconf 89' lang='lat' dir='ltr'>ut</span> <span class='ocrx_word' id='word_1_183' title='bbox 730 1644 825 1685; x_wconf 85' lang='lat' dir='ltr'>omuino</span> 
     </span>
     <span class='ocr_line' id='line_1_26' title="bbox 124 1700 825 1760; baseline -0.006 -16"><span class='ocrx_word' id='word_1_184' title='bbox 124 1702 167 1744; x_wconf 85' lang='lat' dir='ltr'>tibi</span> <span class='ocrx_word' id='word_1_185' title='bbox 183 1713 270 1757; x_wconf 87' lang='lat' dir='ltr'>compat</span> <span class='ocrx_word' id='word_1_186' title='bbox 272 1700 319 1749; x_wconf 88' lang='lat' dir='ltr'>iar,</span> <span class='ocrx_word' id='word_1_187' title='bbox 320 1702 366 1742; x_wconf 90' lang='lat' dir='ltr'>mi</span> <span class='ocrx_word' id='word_1_188' title='bbox 383 1705 481 1753; x_wconf 72' lang='lat' dir='ltr'>Comes,</span> <span class='ocrx_word' id='word_1_189' title='bbox 498 1702 536 1757; x_wconf 89' lang='lat' dir='ltr'>qui</span> <span class='ocrx_word' id='word_1_190' title='bbox 553 1702 596 1743; x_wconf 86' lang='lat' dir='ltr'>lroc</span> <span class='ocrx_word' id='word_1_191' title='bbox 612 1714 667 1760; x_wconf 84' lang='lat' dir='ltr'>opus</span> <span class='ocrx_word' id='word_1_192' title='bbox 682 1717 707 1742; x_wconf 87' lang='grc' dir='ltr'>ιιι·</span> <span class='ocrx_word' id='word_1_193' title='bbox 705 1717 724 1743; x_wconf 96' lang='lat' dir='ltr'>c</span> <span class='ocrx_word' id='word_1_194' title='bbox 738 1701 762 1741; x_wconf 91' lang='lat' dir='ltr'>in</span> <span class='ocrx_word' id='word_1_195' title='bbox 778 1715 825 1758; x_wconf 71' lang='lat' dir='ltr'>ger-</span> 
     </span>
     <span class='ocr_line' id='line_1_27' title="bbox 125 1755 825 1824; baseline -0.003 -22"><span class='ocrx_word' id='word_1_196' title='bbox 125 1760 228 1807; x_wconf 87' lang='lat' dir='ltr'>manico,</span> <span class='ocrx_word' id='word_1_197' title='bbox 243 1773 286 1800; x_wconf 86' lang='lat' dir='ltr'>uec</span> <span class='ocrx_word' id='word_1_198' title='bbox 301 1759 325 1799; x_wconf 92' lang='lat' dir='ltr'>in</span> <span class='ocrx_word' id='word_1_199' title='bbox 339 1759 473 1815; x_wconf 82' lang='lat' dir='ltr'>compendio</span> <span class='ocrx_word' id='word_1_200' title='bbox 488 1760 558 1800; x_wconf 86' lang='lat' dir='ltr'>latino</span> <span class='ocrx_word' id='word_1_201' title='bbox 575 1773 643 1824; x_wconf 76' lang='lat' dir='ltr'>possis</span> <span class='ocrx_word' id='word_1_202' title='bbox 658 1760 742 1815; x_wconf 86' lang='lat' dir='ltr'>legere,</span> <span class='ocrx_word' id='word_1_203' title='bbox 764 1755 825 1814; x_wconf 81' lang='lat' dir='ltr'>quotl</span> 
     </span>
     <span class='ocr_line' id='line_1_28' title="bbox 125 1816 824 1873; baseline -0.006 -13"><span class='ocrx_word' id='word_1_204' title='bbox 125 1832 205 1867; x_wconf 87' lang='lat' dir='ltr'>neme,</span> <span class='ocrx_word' id='word_1_205' title='bbox 222 1817 261 1873; x_wconf 87' lang='lat' dir='ltr'>qui</span> <span class='ocrx_word' id='word_1_206' title='bbox 281 1831 364 1873; x_wconf 87' lang='lat' dir='ltr'>aequus</span> <span class='ocrx_word' id='word_1_207' title='bbox 385 1832 459 1858; x_wconf 89' lang='lat' dir='ltr'>rerum</span> <span class='ocrx_word' id='word_1_208' title='bbox 482 1816 609 1859; x_wconf 81' lang='lat' dir='ltr'>aestimator</span> <span class='ocrx_word' id='word_1_209' title='bbox 624 1817 664 1863; x_wconf 85' lang='lat' dir='ltr'>sit,</span> <span class='ocrx_word' id='word_1_210' title='bbox 684 1818 753 1859; x_wconf 88' lang='lat' dir='ltr'>sine</span> <span class='ocrx_word' id='word_1_211' title='bbox 750 1817 824 1871; x_wconf 77' lang='lat' dir='ltr'>t·olup</span> 
     </span>
     <span class='ocr_line' id='line_1_29' title="bbox 126 1848 352 1940; baseline -0.009 -23"><span class='ocrx_word' id='word_1_212' title='bbox 126 1885 170 1917; x_wconf 83' lang='lat' dir='ltr'>late</span> <span class='ocrx_word' id='word_1_213' title='bbox 186 1848 259 1940; x_wconf 76' lang='lat' dir='ltr'>ligere</span> <span class='ocrx_word' id='word_1_214' title='bbox 272 1884 352 1940; x_wconf 85' lang='lat' dir='ltr'>potest.</span> 
     </span>
    </p>

    <p class='ocr_par' dir='ltr' id='par_1_6' title="bbox 125 1930 828 2633">
     <span class='ocr_line' id='line_1_30' title="bbox 185 1930 826 1997; baseline -0.002 -23"><span class='ocrx_word' id='word_1_215' title='bbox 185 1932 243 1974; x_wconf 91' lang='lat' dir='ltr'>Con</span> <span class='ocrx_word' id='word_1_216' title='bbox 242 1947 277 1979; x_wconf 84' lang='lat' dir='ltr'>er</span> <span class='ocrx_word' id='word_1_217' title='bbox 299 1930 331 1972; x_wconf 87' lang='lat' dir='ltr'>mi</span> <span class='ocrx_word' id='word_1_218' title='bbox 351 1938 441 1985; x_wconf 84' lang='lat' dir='ltr'>Comes,</span> <span class='ocrx_word' id='word_1_219' title='bbox 462 1932 626 1997; x_wconf 82' lang='lat' dir='ltr'>Magistrum&#39;</span> <span class='ocrx_word' id='word_1_220' title='bbox 619 1947 643 1973; x_wconf 88' lang='grc' dir='ltr'>ιιι</span> <span class='ocrx_word' id='word_1_221' title='bbox 664 1944 760 1989; x_wconf 87' lang='lat' dir='ltr'>utroque</span> <span class='ocrx_word' id='word_1_222' title='bbox 785 1930 826 1973; x_wconf 85' lang='lat' dir='ltr'>illo</span> 
     </span>
     <span class='ocr_line' id='line_1_31' title="bbox 125 1983 825 2047; baseline -0.009 -12"><span class='ocrx_word' id='word_1_223' title='bbox 125 1989 331 2035; x_wconf 84' lang='lat' dir='ltr'>momentosissinto</span> <span class='ocrx_word' id='word_1_224' title='bbox 348 2001 487 2047; x_wconf 83' lang='lat' dir='ltr'>argumente,</span> <span class='ocrx_word' id='word_1_225' title='bbox 504 1989 586 2047; x_wconf 87' lang='lat' dir='ltr'>quibus</span> <span class='ocrx_word' id='word_1_226' title='bbox 603 1983 693 2032; x_wconf 75' lang='lat' dir='ltr'>(livinae</span> <span class='ocrx_word' id='word_1_227' title='bbox 709 1988 825 2031; x_wconf 77' lang='lat' dir='ltr'>revelatio-</span> 
     </span>
     <span class='ocr_line' id='line_1_32' title="bbox 125 2047 825 2114; baseline -0.004 -25"><span class='ocrx_word' id='word_1_228' title='bbox 125 2049 161 2092; x_wconf 86' lang='lat' dir='ltr'>nis</span> <span class='ocrx_word' id='word_1_229' title='bbox 178 2048 296 2090; x_wconf 80' lang='lat' dir='ltr'>auctoritas</span> <span class='ocrx_word' id='word_1_230' title='bbox 312 2048 380 2089; x_wconf 85' lang='lat' dir='ltr'>unice</span> <span class='ocrx_word' id='word_1_231' title='bbox 397 2057 546 2114; x_wconf 83' lang='lat' dir='ltr'>superstructa</span> <span class='ocrx_word' id='word_1_232' title='bbox 560 2059 599 2095; x_wconf 82' lang='lat' dir='ltr'>est,</span> <span class='ocrx_word' id='word_1_233' title='bbox 616 2059 637 2088; x_wconf 89' lang='lat' dir='ltr'>et</span> <span class='ocrx_word' id='word_1_234' title='bbox 647 2047 741 2094; x_wconf 83' lang='lat' dir='ltr'>videbis,</span> <span class='ocrx_word' id='word_1_235' title='bbox 757 2060 825 2103; x_wconf 82' lang='lat' dir='ltr'>quant</span> 
     </span>
     <span class='ocr_line' id='line_1_33' title="bbox 126 2103 826 2174; baseline -0.006 -26"><span class='ocrx_word' id='word_1_236' title='bbox 126 2107 145 2148; x_wconf 89' lang='lat' dir='ltr'>is</span> <span class='ocrx_word' id='word_1_237' title='bbox 168 2103 294 2149; x_wconf 81' lang='lat' dir='ltr'>aemulandi</span> <span class='ocrx_word' id='word_1_238' title='bbox 320 2105 408 2153; x_wconf 88' lang='lat' dir='ltr'>studio,</span> <span class='ocrx_word' id='word_1_239' title='bbox 436 2105 531 2147; x_wconf 87' lang='lat' dir='ltr'>istorum</span> <span class='ocrx_word' id='word_1_240' title='bbox 561 2119 647 2162; x_wconf 80' lang='lat' dir='ltr'>semper</span> <span class='ocrx_word' id='word_1_241' title='bbox 670 2105 826 2174; x_wconf 78' lang='lat' dir='ltr'>pauperrimus</span> 
     </span>
     <span class='ocr_line' id='line_1_34' title="bbox 126 2161 826 2220; baseline -0.003 -15"><span class='ocrx_word' id='word_1_242' title='bbox 126 2173 218 2220; x_wconf 89' lang='lat' dir='ltr'>quaerat</span> <span class='ocrx_word' id='word_1_243' title='bbox 233 2177 279 2204; x_wconf 80' lang='lat' dir='ltr'>esse</span> <span class='ocrx_word' id='word_1_244' title='bbox 296 2164 413 2207; x_wconf 87' lang='lat' dir='ltr'>bonorum</span> <span class='ocrx_word' id='word_1_245' title='bbox 431 2165 561 2206; x_wconf 76' lang='lat' dir='ltr'>Historicae</span> <span class='ocrx_word' id='word_1_246' title='bbox 578 2179 610 2205; x_wconf 85' lang='lat' dir='ltr'>eru</span> <span class='ocrx_word' id='word_1_247' title='bbox 604 2168 633 2205; x_wconf 84' lang='lat' dir='ltr'>im</span> <span class='ocrx_word' id='word_1_248' title='bbox 646 2165 738 2205; x_wconf 75' lang='lat' dir='ltr'>ceritati</span> <span class='ocrx_word' id='word_1_249' title='bbox 754 2161 826 2204; x_wconf 88' lang='lat' dir='ltr'>omni</span> 
     </span>
     <span class='ocr_line' id='line_1_35' title="bbox 127 2216 827 2277; baseline -0.007 -14"><span class='ocrx_word' id='word_1_250' title='bbox 127 2236 167 2263; x_wconf 88' lang='lat' dir='ltr'>um</span> <span class='ocrx_word' id='word_1_251' title='bbox 188 2231 231 2263; x_wconf 86' lang='lat' dir='ltr'>vet</span> <span class='ocrx_word' id='word_1_252' title='bbox 254 2231 300 2261; x_wconf 83' lang='lat' dir='ltr'>test.</span> <span class='ocrx_word' id='word_1_253' title='bbox 322 2220 433 2264; x_wconf 84' lang='lat' dir='ltr'>librorum</span> <span class='ocrx_word' id='word_1_254' title='bbox 453 2235 500 2263; x_wconf 86' lang='lat' dir='ltr'>non</span> <span class='ocrx_word' id='word_1_255' title='bbox 525 2222 589 2277; x_wconf 87' lang='lat' dir='ltr'>plane</span> <span class='ocrx_word' id='word_1_256' title='bbox 613 2224 666 2261; x_wconf 80' lang='lat' dir='ltr'>duas</span> <span class='ocrx_word' id='word_1_257' title='bbox 681 2221 776 2277; x_wconf 84' lang='lat' dir='ltr'>pagellas</span> <span class='ocrx_word' id='word_1_258' title='bbox 793 2216 827 2258; x_wconf 77' lang='lat' dir='ltr'>&lt;li</span> 
     </span>
     <span class='ocr_line' id='line_1_36' title="bbox 128 2277 826 2335; baseline -0.01 -13"><span class='ocrx_word' id='word_1_259' title='bbox 128 2281 200 2328; x_wconf 80' lang='lat' dir='ltr'>cauit,</span> <span class='ocrx_word' id='word_1_260' title='bbox 216 2285 313 2333; x_wconf 81' lang='lat' dir='ltr'>supra§.</span> <span class='ocrx_word' id='word_1_261' title='bbox 331 2291 401 2325; x_wconf 78' lang='grc'>170-</span> <span class='ocrx_word' id='word_1_262' title='bbox 414 2291 448 2325; x_wconf 75' lang='lat' dir='ltr'>tt.</span> <span class='ocrx_word' id='word_1_263' title='bbox 472 2282 593 2334; x_wconf 73' lang='lat' dir='ltr'>Prophetis</span> <span class='ocrx_word' id='word_1_264' title='bbox 610 2277 667 2321; x_wconf 75' lang='lat' dir='ltr'>nitri}</span> <span class='ocrx_word' id='word_1_265' title='bbox 683 2292 783 2335; x_wconf 85' lang='lat' dir='ltr'>prorsus:</span> <span class='ocrx_word' id='word_1_266' title='bbox 800 2285 826 2316; x_wconf 87' lang='lat' dir='ltr'>nt</span> 
     </span>
     <span class='ocr_line' id='line_1_37' title="bbox 128 2336 826 2403; baseline -0.006 -25"><span class='ocrx_word' id='word_1_267' title='bbox 128 2337 183 2379; x_wconf 84' lang='lat' dir='ltr'>adeo</span> <span class='ocrx_word' id='word_1_268' title='bbox 206 2350 257 2378; x_wconf 87' lang='lat' dir='ltr'>curu</span> <span class='ocrx_word' id='word_1_269' title='bbox 279 2338 316 2392; x_wconf 80' lang='lat' dir='ltr'>pia</span> <span class='ocrx_word' id='word_1_270' title='bbox 338 2339 405 2403; x_wconf 82' lang='lat' dir='ltr'>plebe</span> <span class='ocrx_word' id='word_1_271' title='bbox 418 2336 535 2380; x_wconf 86' lang='lat' dir='ltr'>historiam</span> <span class='ocrx_word' id='word_1_272' title='bbox 553 2338 646 2379; x_wconf 83' lang='lat' dir='ltr'>credatis</span> <span class='ocrx_word' id='word_1_273' title='bbox 663 2348 685 2379; x_wconf 87' lang='lat' dir='ltr'>et</span> <span class='ocrx_word' id='word_1_274' title='bbox 695 2337 826 2401; x_wconf 72' lang='lat' dir='ltr'>prophetas,</span> 
     </span>
     <span class='ocr_line' id='line_1_38' title="bbox 127 2392 827 2489; baseline -0.003 -54"><span class='ocrx_word' id='word_1_275' title='bbox 127 2394 166 2438; x_wconf 87' lang='lat' dir='ltr'>illa</span> <span class='ocrx_word' id='word_1_276' title='bbox 182 2408 281 2437; x_wconf 80' lang='lat' dir='ltr'>asserere</span> <span class='ocrx_word' id='word_1_277' title='bbox 300 2404 322 2435; x_wconf 86' lang='lat' dir='ltr'>et</span> <span class='ocrx_word' id='word_1_278' title='bbox 343 2394 469 2444; x_wconf 87' lang='lat' dir='ltr'>vindicare,</span> <span class='ocrx_word' id='word_1_279' title='bbox 489 2395 562 2437; x_wconf 88' lang='lat' dir='ltr'>nihilo</span> <span class='ocrx_word' id='word_1_280' title='bbox 584 2395 654 2451; x_wconf 77' lang='lat' dir='ltr'>magis</span> <span class='ocrx_word' id='word_1_281' title='bbox 670 2392 743 2435; x_wconf 86' lang='lat' dir='ltr'>sciatis</span> <span class='ocrx_word' id='word_1_282' title='bbox 762 2393 827 2489; x_wconf 69' lang='lat' dir='ltr'>pllehe</span> 
     </span>
     <span class='ocr_line' id='line_1_39' title="bbox 128 2451 827 2509; baseline -0.001 -19"><span class='ocrx_word' id='word_1_283' title='bbox 128 2452 173 2509; x_wconf 82' lang='lat' dir='ltr'>pia.</span> <span class='ocrx_word' id='word_1_284' title='bbox 213 2454 283 2507; x_wconf 80' lang='lat' dir='ltr'>Supra</span> <span class='ocrx_word' id='word_1_285' title='bbox 304 2458 321 2505; x_wconf 83' lang='lat'>§.</span> <span class='ocrx_word' id='word_1_286' title='bbox 344 2465 409 2498; x_wconf 84' lang='lat'>175</span> <span class='ocrx_word' id='word_1_287' title='bbox 411 2464 459 2499; x_wconf 73' lang='lat'>85.</span> <span class='ocrx_word' id='word_1_288' title='bbox 499 2454 536 2494; x_wconf 84' lang='lat' dir='ltr'>Tu</span> <span class='ocrx_word' id='word_1_289' title='bbox 556 2466 607 2507; x_wconf 84' lang='lat' dir='ltr'>ergo</span> <span class='ocrx_word' id='word_1_290' title='bbox 627 2467 696 2509; x_wconf 76' lang='lat' dir='ltr'>perge</span> <span class='ocrx_word' id='word_1_291' title='bbox 720 2449 827 2492; x_wconf 79' lang='lat' dir='ltr'>insultare</span> 
     </span>
     <span class='ocr_line' id='line_1_40' title="bbox 127 2505 828 2567; baseline -0.01 -14"><span class='ocrx_word' id='word_1_292' title='bbox 127 2511 223 2558; x_wconf 70' lang='lat' dir='ltr'>Iniuria,</span> <span class='ocrx_word' id='word_1_293' title='bbox 240 2512 301 2566; x_wconf 86' lang='lat' dir='ltr'>quod</span> <span class='ocrx_word' id='word_1_294' title='bbox 317 2527 355 2567; x_wconf 84' lang='lat' dir='ltr'>per</span> <span class='ocrx_word' id='word_1_295' title='bbox 370 2512 505 2554; x_wconf 84' lang='lat' dir='ltr'>documenta</span> <span class='ocrx_word' id='word_1_296' title='bbox 520 2524 587 2554; x_wconf 72' lang='lat' dir='ltr'>eoaet‘</span> <span class='ocrx_word' id='word_1_297' title='bbox 590 2526 602 2551; x_wconf 90' lang='lat' dir='ltr'>a</span> <span class='ocrx_word' id='word_1_298' title='bbox 625 2507 761 2552; x_wconf 83' lang='lat' dir='ltr'>sustulerit&#39;</span> <span class='ocrx_word' id='word_1_299' title='bbox 754 2505 828 2561; x_wconf 81' lang='lat' dir='ltr'>tnspi-</span> 
     </span>
     <span class='ocr_line' id='line_1_41' title="bbox 128 2564 827 2633; baseline -0.004 -23"><span class='ocrx_word' id='word_1_300' title='bbox 128 2567 239 2610; x_wconf 83' lang='lat' dir='ltr'>1ationem</span> <span class='ocrx_word' id='word_1_301' title='bbox 252 2572 292 2622; x_wconf 85' lang='lat' dir='ltr'>a):</span> <span class='ocrx_word' id='word_1_302' title='bbox 308 2584 374 2633; x_wconf 80' lang='lat' dir='ltr'>perge</span> <span class='ocrx_word' id='word_1_303' title='bbox 392 2568 488 2616; x_wconf 82' lang='lat' dir='ltr'>fabulari</span> <span class='ocrx_word' id='word_1_304' title='bbox 509 2583 563 2616; x_wconf 88' lang='lat' dir='ltr'>cum</span> <span class='ocrx_word' id='word_1_305' title='bbox 583 2566 705 2631; x_wconf 79' lang='lat' dir='ltr'>Magistro,</span> <span class='ocrx_word' id='word_1_306' title='bbox 726 2564 808 2627; x_wconf 82' lang='lat' dir='ltr'>quod</span> <span class='ocrx_word' id='word_1_307' title='bbox 801 2577 827 2608; x_wconf 84' lang='lat' dir='ltr'>tn</span> 
     </span>
    </p>
   </div>
   <div class='ocr_carea' id='block_1_5' title="bbox 126 2671 267 2682">
    <p class='ocr_par' dir='ltr' id='par_1_7' title="bbox 126 2671 267 2682">
     <span class='ocr_line' id='line_1_42' title="bbox 126 2671 267 2682; baseline -0.007 0"><span class='ocrx_word' id='word_1_308' title='bbox 126 2671 267 2682; x_wconf 50' lang='lat' dir='ltr'>m</span> 
     </span>
    </p>
   </div>
   <div class='ocr_carea' id='block_1_6' title="bbox 158 2742 310 2801">
    <p class='ocr_par' dir='ltr' id='par_1_8' title="bbox 158 2742 310 2801">
     <span class='ocr_line' id='line_1_43' title="bbox 158 2742 310 2801; baseline -0.007 -12"><span class='ocrx_word' id='word_1_309' title='bbox 158 2744 182 2799; x_wconf 79' lang='lat' dir='ltr'>a)</span> <span class='ocrx_word' id='word_1_310' title='bbox 193 2742 246 2801; x_wconf 76' lang='lat' dir='ltr'>Pag.</span> <span class='ocrx_word' id='word_1_311' title='bbox 260 2751 310 2791; x_wconf 74' lang='grc' dir='ltr'>ιοιι·</span> 
     </span>
    </p>
   </div>
   <div class='ocr_carea' id='block_1_7' title="bbox 0 0 854 3135">
    <p class='ocr_par' dir='ltr' id='par_1_9' title="bbox 0 0 854 3135">
     <span class='ocr_line' id='line_1_44' title="bbox 0 0 854 3135; baseline 0 0"><span class='ocrx_word' id='word_1_312' title='bbox 0 0 854 3135; x_wconf 95' lang='lat' dir='ltr'> </span> 
     </span>
    </p>
   </div>
  </div>
 </body>
</html>
