1686 3135
334 161 435 205 -ato
468 166 497 187 ’-

69 278 184 319 volumina
200 292 239 319 roe
254 276 315 318 videt
308 287 328 318 te
342 287 363 317 et
379 278 504 328 observate,
521 292 577 332 quae
592 279 640 321 eius
656 278 685 319 eit
699 277 764 318 intel

69 335 175 390 ιιιψιιιιι,
200 351 255 393 quae
276 333 406 374 anctoriss
427 334 539 384 intentio
555 350 611 390 quae
627 335 764 392 violinguae

68 369 213 450 primitivae,
220 406 240 433 et
256 392 423 439 vocabulorum,
439 406 545 448 ususque,
561 406 600 447 qur
609 407 680 433 mores
692 394 761 434 οιιιιι-

69 453 148 492 talium
172 452 288 493 nationum
307 462 361 500 etc,
382 459 404 489 et
422 464 511 492 mecum
531 450 628 502 judicate
650 451 676 489 de
701 460 762 490 recto

70 525 136 551 sensu
152 511 316 576 scripturarum.
347 508 418 560 (idem
434 522 522 563 prorius
538 518 559 549 et
580 506 683 562 Magister
700 507 762 568 tuus)

68 569 129 609 Hinc
145 568 226 621 pariter
241 565 287 605 istis
303 568 325 604 in
348 565 418 606 variae
438 580 463 606 ac
482 566 577 608 diversas
597 573 762 619 interpretato

68 640 108 665 nes
124 638 169 663 sese
183 621 362 667 invehentibus.
380 625 467 665 unionis
478 634 574 665 centrum
591 622 710 663 attinendi
724 635 762 673 pe·

69 684 159 746 ricnlrnn
175 691 213 720 en.
245 680 325 719 Nonne
340 680 383 719 boc
400 681 426 719 de
442 680 551 721 industria
569 679 666 730 faciunt,
683 688 709 718 ut
720 676 762 716 sci-

67 739 149 781 ennam
169 751 250 778 sacram
274 735 428 777 obscuriorem
450 747 472 777 et
497 737 646 778 difficiliorem
669 735 762 790 cognitu

66 797 171 842 reddant
193 806 214 834 ιι
235 794 261 833 ad
281 802 363 833 eeteros
387 794 471 834 labores
487 794 551 834 illum
566 808 656 849 quoque
671 794 773 841 addant,⁴

67 867 111 908 qno
133 866 219 892 excann
198 850 290 891 ιιιιιιιιιι
309 849 445 891 discentium
469 851 609 907 ingenim}
601 846 760 904 pervolutandi

65 925 94 951 sa:
95 924 130 963 pe
150 909 219 948 illas
226 907 326 961 tuentes
347 906 454 948 librorum
479 909 560 954 moles,
580 907 646 972 (ohel
688 908 759 947 Nemo

64 971 232 1012 Jt'eoten'cornm
249 964 272 1004 in
289 963 420 1005 hodiernam
436 967 496 1007 diem
511 968 547 1006 vel
563 964 656 1007 unicum
672 976 760 1005 tomum

65 1024 165 1078 scripsit,
181 1034 206 1063 ut
222 1026 294 1072 aiunt,
311 1021 334 1061 in
354 1022 418 1063 [tolio.
450 1025 510 1064 Haec
526 1023 587 1065 enirn
601 1022 685 1076 patriae
707 1031 759 1059 tuae

64 1084 166 1124 adamata
177 1081 247 1122 forma
257 1090 296 1125 est,
312 1095 368 1144 quae
385 1080 412 1119 ad
420 1082 537 1177 ιιιιιιιιιιιιι
531 1081 611 1121 idriam
625 1079 717 1135 aliquid,
731 1077 760 1116 od

65 1138 215 1182 erudrtionenr
237 1136 321 1176 nihil
315 1141 451 1187 meust)
466 1138 540 1178 omnia
561 1138 633 1178 alieno
649 1140 698 1178 loco
718 1148 759 1190 po·

63 1197 109 1238 tius
125 1211 160 1238 on
157 1210 228 1235 renen
224 1194 257 1238 ιι
275 1209 341 1236 onata
354 1195 412 1234 suo‘?
430 1196 493 1244 (ideo
515 1195 625 1250 sapienter
650 1194 708 1235 nihil
727 1199 758 1232 at·
773 1215 776 1226 ι

62 1252 131 1309 tigisti
144 1253 261 1301 istorum)
291 1253 369 1305 Neque
384 1249 445 1291 enim
460 1267 505 1292 una
521 1254 598 1293 saltem
613 1251 669 1293 ratio
682 1261 704 1291 et
715 1248 757 1290 lin·

62 1326 105 1375 gna
125 1321 169 1358 est,
190 1324 232 1365 qua
255 1310 298 1350 hoc
317 1307 417 1349 studium
438 1317 544 1360 tractant,
525 1309 604 1351 tsed
625 1309 757 1350 deterrimus

63 1368 154 1432 qnidam
172 1367 251 1408 cinnas
266 1382 294 1407 ex
308 1368 367 1407 foed
363 1365 435 1406 etima
457 1340 611 1413 barbarirum,
631 1366 756 1422 peregrina

61 1441 124 1471 urm.v
139 1425 292 1465 inauditarum
309 1438 391 1465 vocum
407 1422 533 1465 colluvione
549 1425 621 1475 olens,
638 1434 665 1464 nt
679 1434 758 1463 servus

61 1483 100 1523 itte
116 1483 231 1522 Plautinus
248 1483 288 1525 ait,
304 1481 394 1529 allium,
407 1483 506 1528 hircum,
522 1483 608 1530 haram,
630 1495 704 1528 suem,
721 1492 755 1532 ca-

61 1554 127 1588 nem,
143 1553 230 1592 capram
242 1538 400 1578 commixtam
419 1541 456 1593 (ut
471 1537 565 1593 apostoli
580 1538 603 1578 in
619 1535 768 1593 pentecostis

60 1598 120 1645 bus).
156 1595 197 1638 His
225 1595 346 1647 continuo,
374 1595 416 1636 etsi
441 1594 488 1636 siue
508 1595 554 1637 utto
575 1608 647 1649 nexu,
666 1598 755 1648 subjun-

60 1664 118 1698 xrstl.

117 1769 223 1818 „Interim
237 1767 313 1821 religio
327 1767 406 1805 divina
418 1766 580 1807 consideranda
596 1768 658 1807 venie
672 1775 698 1806 nt
715 1768 754 1807 bn-

58 1839 159 1876 nrunznn,
185 1826 342 1877 politicmnqne
364 1834 471 1876 osterna,
495 1824 556 1880 quod
580 1822 752 1879 cogitationibus

57 1884 164 1930 notantis,
185 1881 345 1923 variationibus
365 1882 478 1934 girbernii.
499 1896 524 1922 ac
538 1885 637 1935 partiunt
652 1884 751 1934 negotia-

58 1941 156 1982 tionibus
171 1939 295 1989 subjicitur.
326 1937 386 1980 Proh
394 1941 466 1979 Deum
477 1938 637 1981 immortalem!
654 1953 681 1978 an
690 1938 750 1985 fides.

56 1996 151 2053 religio,
167 1996 352 2037 exisznnationem
369 2007 480 2044 meretur¹
502 1996 520 2037 si
537 2012 548 2037 a
563 1998 628 2037 laicis
645 1999 749 2049 pendeat,

55 2057 75 2096 si
91 2054 312 2096 aeansnltnn'onitns
320 2051 379 2111 fori,
396 2069 406 2094 a
422 2067 541 2109 regnorum
551 2065 636 2102 senatu,
653 2071 678 2097 ac
693 2056 750 2106 opti·

55 2111 321 2176 nantibusfirmamentum
337 2110 437 2167 repetat?
457 2111 538 2152 Verum
553 2111 623 2167 igitur
638 2124 677 2158 est,
694 2111 749 2153 istos

55 2187 81 2212 ex
97 2168 142 2212 suis
164 2168 271 2209 cathedris
293 2171 408 2210 absurdam
427 2168 578 2209 libertatem
572 2184 596 2208 m
618 2169 692 2210 studio
715 2168 749 2208 bi-

54 2227 113 2269 blico
130 2227 292 2284 praedicantes,
308 2226 411 2265 incautos
427 2223 536 2279 decipere
544 2224 630 2275 conari3
651 2238 747 2288 tacentes

54 2285 115 2326 enim
130 2284 163 2323 illi
179 2297 224 2323 non
240 2281 331 2338 perinde
346 2282 484 2337 decepissent
507 2281 554 2336 (!,)
576 2257 721 2346 loqtientes
711 2298 748 2323 au-

55 2351 100 2381 tem
118 2341 201 2381 multos
217 2350 279 2381 erant
299 2338 447 2393 simpliciores
470 2340 595 2388 attractari,
613 2340 748 2395 persuasuri-

53 2413 110 2457 qne,
128 2411 172 2453 quo
188 2395 286 2437 nimium
301 2410 328 2438 ex
341 2396 411 2437 aliis
404 2411 429 2437 tn
443 2396 507 2437 rebus
522 2396 564 2440 sibi
577 2398 731 2441 auscultarent.
733 2402 748 2424 ‘⁶

52 2457 105 2512 Pag
122 2466 171 2501 137

96 2569 169 2623 Quam
179 2566 260 2610 astute!
273 2581 339 2623 quam
347 2566 436 2608 callide!
452 2581 491 2621 per
503 2567 611 2610 invidiam
618 2571 746 2611 Neotarico·

51 2640 98 2667 rum
106 2626 162 2666 clam
171 2626 303 2667 subtrudere
311 2624 432 2666 Indorum!
442 2626 493 2665 Non
501 2637 609 2681 putaram,
621 2628 652 2666 mi
661 2630 744 2678 Comes,

50 2695 77 2723 nt
88 2682 131 2722 tuis
144 2693 187 2722 tam
196 2681 316 2737 opportuni
326 2681 396 2723 simus
408 2682 494 2723 linibus.
510 2684 570 2737 Quin
578 2684 684 2739 suspicor.
698 2699 744 2725 om-

50 2754 103 2781 nem
114 2741 230 2780 hanccum
245 2742 371 2781 Neutericis
384 2739 535 2781 velitationem
552 2750 620 2787 tuam,
637 2741 692 2782 nibil
701 2742 745 2784 nisi

49 2797 153 2841 velamen
159 2811 203 2845 esee,
210 2801 256 2854 ejus
262 2796 372 2857 politices,
384 2795 408 2839 in
417 2812 460 2856 aaa
470 2807 494 2840 tu
503 2799 629 2855 etbodegus
638 2807 690 2841 tuus
700 2811 745 2842 tam
