1686 3135
324 138 424 185 ——137
455 120 483 164 4

109 260 205 310 133303,
224 257 257 299 mi
280 264 373 305 Comes,
392 254 469 299 Patres
492 261 605 300 trinitatis
623 260 767 300 doctrinan

51 316 205 370 ,3333331333313
218 317 337 371 apostolis:
355 315 411 379 quis
424 315 485 357 enim
505 316 532 358 de
553 319 594 357 hac
613 331 636 356 re
660 315 724 357 dubit
717 325 748 355 tet
765 346 768 350 ,

54 377 78 414 133
94 383 155 411 tanto
173 377 299 414 consensu?
316 384 337 413 at
351 387 392 414 suo
405 373 494 427 ingenio
511 389 560 415 eam
580 373 614 413 int
607 373 683 415 tulisse
703 373 747 413 iliis

54 428 122 473 locis,
138 425 177 467 ubi
193 443 232 483 per
248 442 330 469 senon
346 438 421 469 exstat
460 433 547 473 Errasse
563 445 614 486 ergo
631 432 748 482 exegetica
764 445 768 453 ·

54 499 100 527 non
112 485 250 584 dogmaticis-A
266 484 330 527 cuius
345 486 475 581 exennpilnm
488 485 528 526 tibi
539 465 682 528 manifestum
698 486 749 526 dedi

54 541 749 601 3333333395,1110311133033303103331333311133333333113

56 601 112 640 serre
128 611 231 655 poterant
245 611 288 640 tres
301 614 411 654 personas,
428 615 480 641 cum
496 592 666 642 indeterminata
679 601 749 642 forma
769 623 771 626 >

55 657 117 697 333131
132 659 199 698 etiam
215 669 317 699 centenas
331 657 401 713 possit
416 658 555 713 exprimere?
593 659 616 701 Si
636 659 703 706 dicis,
725 656 749 697 133

55 727 116 755 novo
133 715 220 757 [octiere
236 725 324 757 tantum
340 725 383 755 tres
399 730 445 758 esse
462 716 578 766 revelatas,
595 715 681 763 fateris,
698 730 751 757 con-

55 782 89 812 tra
112 782 214 813 naturam
233 784 305 824 rectae
323 772 525 827 interpretationis,
544 773 676 828 mysterium
704 771 749 812 iilis

55 828 111 869 iocis
128 830 226 882 titanum,
242 830 366 871 nonillinc
381 832 487 871 eductum
508 844 562 873 esse.
597 834 657 872 133333
677 840 751 872 autern

58 900 125 941 (3133333
147 898 179 930 ts
180 903 198 930 33
217 903 255 930 vos
275 885 373 944 protervi
389 887 505 937 homines,
531 891 569 944 qui
589 890 612 929 in
637 885 752 952 faciantur

57 948 177 991 1333313333
200 947 321 986 trinittaem
346 954 387 987 sta
390 957 461 996 333333
484 961 536 987 cum
560 957 634 989 tamen
660 943 752 988 concilii

58 1003 186 1046 313133133333
201 1014 272 1059 patros
288 1007 328 1044 sub
343 977 483 1044 anathemite
498 1005 623 1046 sanxerint.
641 1018 687 1045 non
706 1000 752 1043 nisi

57 1064 103 1101 Pus
108 1064 214 1104 traiectio
213 1063 269 1102 [iun
284 1075 330 1101 esse
346 1064 490 1114 expressum?
510 1067 605 1118 supra§.
622 1073 657 1108 333,
691 1062 753 1101 Haec

57 1116 714 1174 311313313333333333313,3033311333333333333313333331
755 1138 756 1142 ¹

93 1182 226 1225 tisinum,
241 1175 373 1219 miconis,
388 1183 414 1213 nt
430 1189 476 1215 non
493 1175 586 1217 dubium
601 1187 634 1219 est
657 1168 755 1218 Trinita-v

58 1237 175 1275 33331333
168 1252 225 1275 3333
220 1236 268 1274 3313
285 1237 390 1288 apostons
403 1245 512 1287 accepisse
528 1243 610 1288 patres,
632 1233 665 1275 sic
680 1245 754 1288 neque

65 1294 71 1306 ¹
160 1292 445 1344 ’333,33]33333333133333’
459 1301 492 1336 97
516 1293 614 1347 regulam
636 1290 754 1356 proprium
784 1319 785 1322 =

184 1348 270 1409 rag-istri
286 1348 427 1403 figmentum
457 1350 501 1390 Dic
515 1350 618 1397 obsecro,
634 1350 683 1405 quis
699 1362 754 1403 apo

202 1416 260 1447 emto
281 1406 350 1446 Paulo
370 1404 419 1457 plns
440 1405 506 1447 scivit
526 1422 537 1448 e
558 1406 702 1463 grammatica
717 1407 755 1446 hc·

58 1467 84 1506 133·
86 1470 134 1513 333,
151 1478 216 1520 nnana
231 1463 305 1504 nostri
320 1462 460 1518 piscatores
455 1479 467 1503 e
482 1475 590 1520 grammat
591 1465 624 1507 ica
647 1476 755 1504 vernacu-

59 1523 175 1565 1333333332
207 1519 262 1577 Quis
278 1521 361 1584 aposto
363 1533 428 1560 orum
448 1536 460 1562 e
479 1524 622 1576 grammatica
639 1535 757 1578 argumen-

60 1591 119 1621 tatus
136 1581 230 1621 33313
214 1587 296 1632 armon
314 1577 423 1618 3131331
398 1579 550 1629 matthaeum,
571 1583 694 1630 Joannem7
715 1579 755 1618 Pe-

61 1648 177 1680 tramete
193 1624 253 1678 nude
270 1637 380 1677 adducere
396 1635 467 1691 dicta
490 1638 544 1693 quin
556 1652 660 1703 unquam
676 1612 755 1678 311333

61 1711 84 1737 ae
104 1696 211 1737 minutias
233 1694 366 1735 demittant?
401 1692 424 1733 Si
444 1710 494 1751 ergo
516 1707 587 1751 patres
603 1694 704 1736 universi
718 1695 755 1734 vel
787 1716 789 1719 -

61 1753 159 1811 manime
177 1752 328 1795 consentirent
342 1749 367 1791 in
387 1747 415 1790 iis
431 1752 485 1794 locis
500 1753 685 1809 interpretandis,
704 1767 756 1793 cau-

60 1827 109 1853 sam
123 1808 211 1876 tamen,
227 1824 294 1866 quarn
310 1819 361 1850 tuus
378 1808 475 1866 assignat
489 1811 572 1864 atavia
565 1822 612 1859 ter,
621 1825 708 1865 semper
723 1823 756 1849 ar-

61 1868 152 1912 1313333313
172 1869 251 1916 toret,
264 1866 370 1923 quoniam
393 1867 419 1908 de
443 1881 468 1908 eo
495 1842 640 1910 funiiamento
667 1865 755 1909 nemini

62 1937 164 1968 constare
184 1935 268 1980 potest,
292 1925 493 1980 repugnantibus
486 1939 577 1981 insuper
592 1926 709 1974 Hebraeis,
730 1933 757 1964 ut

62 1984 109 2040 ipsc
125 1984 178 2023 1
141 1993 178 2023 ue
180 1997 206 2022 nr
225 1982 333 2037 Magister
346 1987 383 2035 a),
406 1983 445 2039 qui
465 1994 540 2046 tamen
559 1984 601 2025 soli
621 1992 687 2025 testes
708 1991 757 2025 esse

62 2051 157 2100 possunt
173 2040 221 2083 de
213 2053 257 2081 usu
270 2038 385 2093 loquendi

356 2159 384 2207 3..
405 2133 454 2201 333,

121 2238 221 2285 Nunc‚'
221 2234 254 2276 mi
273 2240 362 2334 Calmes,
384 2248 408 2278 ea
432 2236 480 2293 ipsa
506 2238 606 2293 exempla
627 2234 755 2291 expendam,

64 2310 144 2361 quael
135 2307 175 2350 pro
190 2308 229 2335 sua
243 2295 319 2353 regu
335 2300 352 2346 §.
370 2304 404 2341 97.
420 2295 494 2336 attuht
506 2295 613 2351 Magister
624 2303 683 2336 tuus
705 2295 756 2343 Dic,

65 2368 114 2411 quis
130 2367 154 2394 ea
168 2353 244 2392 verba:
258 2350 540 2408 facianznshonainenzetc.
553 2351 694 2406 protulitiit
669 2352 756 2393 Micha-

64 2413 115 2452 'eine
132 2424 159 2451 an
178 2408 285 2452 Gabriel?
315 2411 338 2452 Si
351 2425 402 2467 ergo
418 2424 447 2451 ne
462 2409 487 2450 id
506 2409 597 2473 quidem
617 2409 689 2457 nosti,
710 2408 756 2448 nisi

64 2484 77 2510 e
93 2477 197 2510 contextu
212 2467 325 2509 addast
293 2469 325 2511 Et
326 2472 395 2516 ohim,
411 2481 455 2526 quo
470 2471 519 2521 jure
536 2464 641 2530 Magister
656 2480 667 2506 a
681 2478 708 2510 ss
718 2466 757 2506 tri

63 2527 134 2568 nitate
149 2525 234 2581 prolata
248 2526 303 2568 haec
318 2541 363 2570 esse
379 2536 518 2568 commentus
533 2526 584 2567 est?
613 2520 702 2567 sivero
720 2523 757 2565 ad«

67 2584 146 2627 disE
148 2585 214 2626 tniaim
239 2583 323 2628 formae
348 2584 439 2642 pluralis
466 2580 643 2636 nominativum,
665 2582 756 2639 proprio

64 2711 203 2722 W

95 2793 117 2846 a)
130 2797 218 2836 (irarum.
231 2804 278 2840 tto.
293 2802 339 2840 111,
