1686 3135
340 120 502 165 *153-

77 255 120 288 nec
138 241 163 282 in
183 243 231 279 toto
253 236 321 279 ueteri
342 246 475 279 testamento
500 234 545 275 ulla
565 234 601 275 lex
621 235 715 289 positiva
735 236 772 286 sit,

77 299 180 357 quisnam
195 296 318 338 adorandus
334 293 373 346 sit,
389 291 423 334 uti
439 290 463 332 in
479 301 526 332 toto
543 290 651 339 concilio,
668 295 728 335 nulla
737 296 773 337 lex

77 351 243 397 hermeneutica
267 350 351 392 sancita
373 359 418 398 est3
437 358 460 388 at
479 347 542 389 illico
563 347 684 403 intelliget,
704 365 732 391 ne
748 352 773 394 id

77 411 169 466 quidem
183 418 282 451 constare
297 417 346 447 tum
360 418 437 461 posse,
459 419 487 445 an
506 413 529 444 et
549 405 614 461 quale
632 420 716 447 numen
737 422 773 449 co-

76 469 159 510 luerint
173 465 288 508 Hebraei?
318 464 374 512 Sed,
385 460 423 504 mi
437 462 524 510 comet,
535 462 602 503 ctiam
616 464 688 503 bonus
704 477 773 520 quan.

77 525 151 583 (loque
166 522 272 566 dormitat
285 518 409 562 Homerus!

377 627 395 675 ᾗ·
426 635 474 669 111.

133 708 176 752 Sed
190 718 252 747 nunc
267 699 354 760 gravius
369 714 467 759 assurget
480 704 589 759 Magister
603 713 670 755 tuus,
685 703 717 746 mi
730 704 775 748 Cos

77 779 134 817 mes,
153 772 178 805 et
192 772 304 805 commoto
326 775 373 802 non
393 761 452 802 nihil
472 763 578 817 loquetur
599 764 727 805 stomacho:
748 774 774 804 tu
815 791 817 794 .

77 819 150 865 tamen
167 835 230 863 curas
243 820 318 867 mitte,
334 818 366 859 nil
383 819 455 860 caedis
471 818 516 862 fiet.
546 819 716 871 „Asamum
732 823 774 868 ait,

77 885 146 923 etiam
157 880 321 923 Palluoicinztrn
334 880 402 919 arides
419 877 522 919 adhibere
535 879 558 918 in
580 880 730 930 patrocinium
743 879 775 932 a),

77 936 115 981 Vis
130 951 206 978 causas
221 936 305 977 irarum
322 937 403 978 nosse?
439 935 531 990 Accipe:
551 937 646 976 Jalznius
665 939 736 988 ajebat
748 936 774 988 b)

78 997 157 1037 docere
171 995 344 1040 Pallavieinom,
368 994 456 1035 decreto
471 992 563 1034 concilii
584 993 670 1033 nullam
690 1008 775 1036 noram
801 989 803 993 ’

76 1054 148 1109 legem
163 1051 332 1107 praescriptam,
348 1050 424 1090 sediti
439 1064 524 1105 semper
539 1048 605 1092 fuisse
622 1051 731 1092 creditum
747 1051 773 1092 iu

77 1110 182 1157 ecclesia,
199 1118 220 1149 et
236 1122 281 1149 esse
296 1122 323 1148 ex
338 1107 371 1147 rei
387 1116 480 1158 natura,
496 1106 558 1147 nefas
574 1120 619 1147 esse
635 1118 711 1149 contra
724 1122 774 1149 sen·

77 1182 128 1207 sum
162 1165 267 1207 ecclesiae
297 1176 319 1206 ct
348 1178 482 1206 consensum
509 1174 598 1219 patrum
623 1162 774 1219 interpretari,

76 1227 139 1267 Haec
159 1238 211 1264 cum
232 1223 338 1278 Magister
360 1232 411 1264 tuus
426 1237 452 1263 ex
467 1221 631 1276 Pallavicinoe]
652 1221 773 1271 retulisset,

76 1280 205 1336 subjungitz
232 1279 352 1330 „videlicet
378 1279 511 1335 scripturam
536 1288 613 1320 contra
641 1278 774 1323 unanimem

76 1352 166 1380 sensum
185 1337 327 1392 interpretari
352 1339 446 1391 (semper
467 1336 536 1377 fuisse
555 1336 708 1392 damnatum),
733 1339 773 1379 sed

76 1396 132 1435 dum
152 1394 177 1435 ai
197 1392 331 1435 sententiam
346 1398 415 1434 {suam
435 1394 497 1435 velut
521 1404 603 1434 certam
629 1393 772 1443 affirmarent,

75 1467 122 1494 non
149 1456 264 1506 tamquam
295 1448 438 1506 opinantium
462 1450 529 1492 modo
556 1451 707 1506 loquerentur,
747 1453 774 1494 ld

76 1510 137 1564 quod
162 1505 316 1558 Pallavicinus
330 1508 355 1548 in
375 1507 528 1549 defensionem
551 1509 657 1566 Gajetani
676 1508 772 1564 scripsit,

74 1582 104 1608 ne
125 1581 166 1622 pro
196 1565 308 1607 haeretico
329 1566 443 1615 habendus
464 1564 588 1615 videretur;
611 1566 672 1622 quod
694 1577 773 1608 contra

76 1634 164 1679 patrum
181 1636 314 1665 consensum
333 1621 473 1678 interpretari
495 1623 612 1667 docuisset.
648 1625 696 1664 Nec
714 1624 774 1665 vidit

75 1681 168 1723 Jahnius
184 1683 227 1722 hoc
241 1679 266 1719 in
282 1689 349 1736 caput
362 1694 429 1720 suum
445 1688 513 1726 esse.“
551 1683 618 1736 Quod
633 1679 682 1721 aliis
697 1681 772 1722 verbis

76 1739 156 1794 repetit
175 1738 201 1778 in
226 1738 304 1779 eodem
326 1748 443 1788 contextu7
459 1747 481 1779 et
498 1736 623 1786 concludit,
645 1738 771 1779 aconcilio

75 1793 189 1837 licentiam
216 1795 320 1836 adversus
341 1808 474 1836 consensum
494 1805 584 1851 patrum
608 1794 772 1851 interpretandi

76 1865 225 1908 compressam
241 1861 264 1892 et
278 1852 404 1893 damnatam
418 1868 471 1897 esse.

133 1913 193 1952 Haec
208 1909 309 1965 Magistri
323 1909 356 1965 tui
371 1910 443 1951 verbis
458 1910 532 1958 retuli,
547 1909 675 1960 micet-nes,
691 1926 721 1952 ne
736 1911 771 1952 in-

49 1990 50 1996 1
75 1967 186 2009 credibilis
200 1965 242 2007 tibi
258 1966 371 2007 videretur
382 1970 429 2018 ejus
444 1967 604 2024 incogitantia,
621 1978 687 2024 atque
703 1967 771 2010 etiam

75 2023 166 2066 fallacia.
196 2022 240 2063 Ubi
256 2022 317 2064 enim
332 2025 426 2063 salonius
445 2023 512 2065 citato
532 2026 583 2067 loco
600 2027 658 2066 ultro
680 2025 770 2073 fatetur,

75 2080 99 2120 in
115 2085 179 2124 rebus
195 2078 248 2121 fidei
262 2090 284 2121 et
298 2093 387 2121 morum
401 2082 464 2122 nullo
479 2094 526 2122 non
541 2091 648 2138 tempore,
664 2093 730 2137 atque
742 2097 771 2124 ex

74 2140 108 2179 rei
127 2149 220 2188 natura,
240 2136 307 2179 nefas
327 2136 394 2180 fuisse
415 2148 491 2180 contra
511 2153 600 2180 sensum
621 2139 726 2180 ecclesiae
746 2151 770 2181 et

75 2209 209 2238 consensum
223 2204 313 2250 patrum
328 2194 481 2250 interpretari,
500 2196 537 2237 dic
558 2195 613 2253 quid
633 2196 670 2236 ille
693 2196 770 2238 differt

74 2266 87 2292 a
100 2252 254 2295 Pallavicino?
273 2252 328 2309 quid
348 2253 423 2301 docet,
439 2255 499 2307 quod
513 2268 560 2295 non
583 2252 732 2295 certissimum
746 2264 770 2293 er

74 2310 240 2352 sanctissimum
254 2309 300 2351 sit?
331 2312 374 2352 Sed
389 2310 495 2366 Magister
514 2323 565 2352 tuus
586 2325 681 2351 acumen
702 2325 769 2352 suum

75 2370 192 2408 ostendere
207 2369 298 2415 volens,
313 2367 432 2409 discrimen
447 2369 531 2418 attulit,
547 2382 594 2410 non
609 2368 769 2425 negligendum

74 2424 203 2481 interpreti,
226 2439 253 2465 an
271 2435 343 2480 patres
359 2425 502 2481 opinantium
516 2439 578 2468 more
592 2427 723 2483 loquantur,
738 2439 769 2467 an

75 2495 102 2523 ex
117 2494 175 2525 certa
190 2483 317 2525 sententia?
353 2483 427 2540 Quam
448 2482 552 2526 ridicule!
587 2485 614 2525 ln
631 2484 708 2526 aaroni
726 2493 769 2526 ete-

76 2583 215 2597 bun—uu·-

103 2656 127 2710 a)
139 2656 199 2699 Instt.
211 2657 236 2699 V.
247 2659 273 2698 Τ.
285 2658 345 2703 Tom.
359 2665 379 2703 3.
392 2659 411 2711 §.
422 2666 456 2705 17.
484 2663 538 2703 426.
566 2654 684 2711 b)Introd.
703 2658 729 2699 V.
742 2655 768 2698 Τ.

117 2713 186 2754 sPart.
210 2726 230 2759 1.
257 2719 274 2767 ᾗ.
296 2674 543 2774 91.N0.IV.pi)12lt,
588 2718 676 2769 nuiss.
691 2715 768 2759 concil.

130 2770 188 2815 Llllr.
200 2781 220 2818 (l.
233 2774 259 2817 Co
272 2783 306 2821 18¹
315 2778 332 2827 §¹
345 2785 364 2820 2·
