1686 3135
359 183 389 195 -
414 163 460 232 vtrs
488 184 518 198 -·

87 282 382 334 immensumantecessis'se
404 288 521 341 videretis,
540 290 679 345 propudiosis
700 288 786 333 artibus

86 351 218 397 obscurare,
241 361 253 388 e
272 357 347 387 mente
368 347 518 403 manibusque
536 347 655 390 homiuum
670 348 786 391 tentaretis

85 418 201 448 exciuere:
217 402 344 447 maledicite
360 405 436 451 horae,
452 405 516 455 licet,
530 419 598 461 quam
613 407 729 462 alphabeto
741 405 785 461 pri·

84 478 148 512 mum
165 462 309 505 insumsistis.
340 461 401 517 Quin
417 476 455 503 vos
470 461 598 513 advertitis,
615 478 661 505 non
678 464 784 507 omnibus

84 522 187 579 quinque
207 522 256 561 data
280 520 373 566 talenta,
397 530 420 561 et
436 520 475 576 qui
491 519 516 561 in
533 519 650 576 binis-rite
664 523 784 563 defunctus

84 580 126 627 sit,
143 593 189 620 non
204 577 281 620 minus
297 577 382 618 laudari
399 578 485 620 altero?
521 578 589 635 Quin
611 578 784 635 expenditis,'si

84 641 167 691 iustum
189 646 222 677 est
239 635 322 676 scelere
343 635 437 691 grassari
457 637 485 677 ad
506 635 613 693 gloriam,
639 638 703 679 illud·
716 637 784 692 longe

85 709 131 736 esse
147 692 328 752 iniquissimum,
359 692 382 734 in
400 694 533 736 detrahenda
549 710 574 737 ex
590 695 639 737 aliis
655 697 721 737 laude
737 709 784 736 ver·

85 753 139 799 sari,
159 766 226 808 quam
239 749 328 797 literae,
349 751 419 793 virtus
444 762 466 793 et
486 752 565 795 merita
584 769 659 796 ueram
679 752 784 795 solidaru-

85 824 129 865 que
143 805 187 851 illis
202 810 355 865 pepererunt?
385 812 515 866 Compatior
529 822 633 866 corrupto
645 810 730 864 judicio
747 814 784 851 ve-

84 877 141 914 stro,
158 867 197 924 qui
213 865 296 922 flagitio
313 880 383 922 aeque
398 878 465 924 atque
480 867 563 909 virtute
579 869 603 909 in
619 868 718 913 eiusdem
738 869 784 925 glo-v

84 926 130 968 riae
146 923 341 981 participationem
355 925 470 980 pervenire
485 940 523 968 vos
537 941 601 982 posse
616 925 763 968 arbitremini.

146 1015 267 1079 Quarlrtm:
291 1015 383 1056 Publica
402 1010 506 1064 cerrsnro,
528 1032 681 1073 corrueruntque
694 1016 784 1076 fiducia

85 1076 149 1116 obriti
171 1074 261 1114 totidem
280 1074 381 1118 desinite.
417 1075 524 1131 Legibus,
543 1073 645 1126 judiciis,
666 1074 784 1130 vigilantia

83 1131 201 1190 provisum
217 1142 261 1178 est,
277 1145 321 1181 ne,
334 1132 358 1172 'ei
379 1134 485 1188 cuiquam
500 1132 580 1178 libeat,
602 1132 685 1178 alienos
706 1133 785 1174 obolos

84 1188 189 1244 compilet
208 1190 281 1243 palam
304 1198 370 1244 atque
392 1190 493 1244 impune.
530 1192 635 1232 lleatrone
656 1204 708 1246 ergo
733 1189 785 1230 roli-

84 1260 153 1291 cturn.
173 1247 201 1287 sit
221 1245 323 1297 arbitrio,
350 1257 467 1303 utcunque
487 1248 536 1300 ¹erit
559 1246 661 1296 libitum,
687 1248 784 1288 alienam

85 1304 248 1356 connnaoulare
270 1304 527 1360 famatum-proscindere
556 1304 608 1347 ficto
628 1305 738 1351 crimine,
762 1314 784 1345 et

84 1362 174 1420 publice
191 1370 308 1417 contegere
325 1362 428 1417 probris?
458 1364 509 1404 Non
522 1363 561 1410 sic,
576 1378 589 1405 ο
605 1361 663 1414 uiri;
679 1363 784 1404 nondum

81 1436 106 1465 ea
122 1418 220 1476 vivimus
236 1429 346 1472 tempora,
364 1419 444 1475 quibus
461 1420 569 1477 ingenio,
585 1422 673 1469 labore,
696 1430 781 1468 sumtu,

83 1477 216 1533 meritisque
236 1488 313 1532 partus
333 1479 408 1517 honor
432 1477 529 1524 civium,
558 1477 626 1521 vilior
647 1479 676 1520 sit
696 1478 783 1535 aliquot

84 1536 170 1580 obolis,
190 1549 237 1574 non
259 1532 353 1588 impune
374 1534 478 1577 tollendis
499 1537 580 1591 palam.
616 1537 734 1579 Provisum
750 1544 784 1577 est

83 1605 186 1647 suprema
201 1590 332 1633 auctoritate
346 1592 439 1633 inducta
455 1606 559 1642 censura,
575 1609 604 1637 ne
618 1595 703 1636 uirtute
716 1608 781 1651 quae·

83 1649 155 1697 situm
170 1663 253 1690 nomen
269 1658 291 1689 et
306 1647 454 1698 existimatio,
475 1651 672 1694 criminationibus
692 1660 783 1708 pateant

83 1706 243 1761 malignorum.
286 1707 330 1747 Sed
348 1717 374 1746 ut
393 1707 472 1758 video,
492 1719 559 1764 atque
584 1711 651 1751 etiam
672 1708 781 1766 experior,

83 1767 140 1818 baec
155 1773 199 1803 tarn
215 1762 273 1815 nihil
290 1764 317 1803 ad
332 1776 371 1804 vos
387 1765 476 1812 attinet,
493 1776 531 1815 ut,
549 1766 587 1823 qui
607 1781 653 1808 non
673 1767 725 1807 satis
740 1779 782 1808 voa

83 1821 158 1872 norit,
173 1819 198 1859 in
214 1820 365 1875 suspicionem
386 1822 462 1863 venire
478 1823 578 1874 debeat,
589 1825 640 1866 solis
657 1823 726 1871 ,vobis
746 1837 783 1865 ca*

83 1876 384 1933 lumniancli'privilegium
409 1879 501 1928 datum,
532 1882 587 1934 adeo
612 1881 669 1922 illud
699 1877 792 1937 ipsum,

84 1936 146 1994 quod
166 1935 193 1976 ad
214 1935 284 1975 famae
304 1935 448 1991 nominisque
473 1938 608 1987 securitaten
632 1939 781 1982 constitutum

84 2004 130 2040 est,
149 2003 233 2033 vestrae
254 1992 378 2048 opitulatur
397 1996 522 2050 nequitiae,
546 1997 620 2042 ctiam
647 1999 701 2040 dum
722 1996 782 2037 nihil

83 2050 193 2106 vulgatis,
208 2048 252 2090 nisi
268 2050 327 2106 quod
341 2050 431 2105 publica
449 2052 512 2108 prius>
526 2068 619 2108 censura
635 2054 781 2111 probavisset.

60 2137 63 2144 .
84 2108 153 2163 Quod
176 2121 226 2162 ergo
249 2122 261 2147 a
282 2106 380 2148 facinore
401 2109 498 2151 excludit
513 2111 580 2159 alios,
601 2113 626 2153 id
641 2112 782 2168 vobisprae-

82 2161 141 2208 sidio
157 2175 201 2212 est,
218 2165 246 2211 ad
261 2163 346 2210 facinus
361 2164 409 2206 sine
425 2177 488 2208 metu
503 2178 525 2210 et
536 2169 622 2225 pudore
634 2172 782 2227 patrandum:

84 2223 145 2280 quod
160 2222 214 2264 alios
229 2223 335 2274 retrahit,
352 2223 376 2263 id
391 2238 431 2265 vos
446 2234 508 2269 tanto
528 2228 683 2277 uehementius
703 2228 781 2277 allicit,

83 2290 110 2325 ut
129 2278 153 2320 iu
173 2279 250 2321 obvios
268 2295 368 2337 quosque
386 2281 499 2325 illimitata
525 2284 617 2330 liceutia
642 2285 782 2341 grassamini,

83 2337 215 2393 quicunque
229 2337 328 2379 nominis
343 2339 470 2381 celebri-tate
485 2352 583 2384 vestram
597 2341 721 2389 irritassent
736 2359 782 2385 arn-

82 2394 194 2436 bitionem
210 2405 231 2436 et
246 2394 345 2438 livorem.
375 2398 422 2439 Nae
437 2394 476 2441 vos
491 2411 556 2441 acute
571 2400 673 2453 vidistis,
688 2416 782 2457 quomo-

84 2452 112 2493 do
128 2451 281 2497 insultantium
297 2454 399 2511 legibus,
414 2460 528 2511 quomodo
544 2459 639 2506 fallenda
655 2470 711 2502 esset
725 2460 781 2514 vigi-

82 2509 152 2552 lautia
172 2524 297 2553 censorum.
331 2512 412 2557 Dicam
433 2529 485 2571 ergo
501 2526 584 2558 restrae
605 2516 719 2573 nequitiae
735 2533 781 2572 my.

84 2567 188 2619 sterium,
209 2570 270 2625 quod
290 2569 335 2611 iam
355 2569 469 2627 publicam
486 2574 632 2620 attentionem
649 2576 745 2628 excitat,
760 2587 782 2618 ot

82 2623 166 2674 iustam
179 2625 359 2683 indignationem
372 2629 530 2686 plurimorum,

141 2707 222 2748 Nullus
244 2721 363 2749 censorum
385 2719 417 2751 est
438 2708 495 2762 (sine
515 2711 603 2754 invioia
625 2713 654 2754 sit
676 2714 780 2768 (lictum),

83 2761 122 2822 qui
143 2764 323 2820 philosophicas,
345 2765 385 2823 qui
405 2767 541 2827 theologicas
564 2769 693 2827 disciplinas
709 2774 781 2829 (idem

587 2830 660 2879 Dda
