1686 3135
351 173 381 184 -
409 124 451 202 aaa
480 174 510 184 -

80 277 173 317 ductum
188 272 229 323 sit,
247 275 359 317 Iustinum
381 277 427 316 sola
448 284 523 317 nostra
546 282 558 318 lt
581 274 694 328 evangelia
713 288 776 317 usur·

79 346 151 396 passe,
166 341 193 372 ut
208 347 233 373 er
249 333 321 376 citatis
337 334 420 390 cuique
436 329 551 387 evangelio
572 330 668 393 propriis
688 343 776 375 senten·

80 401 116 430 tus
132 398 198 445 patet.

141 461 293 506 Tertullianus,
310 459 350 499 ubi
366 456 482 513 praemisit
497 460 573 498 Marci
584 456 726 512 evangelium
735 456 776 498 Pe-

79 515 108 557 tri
124 516 234 566 affirmari,
251 521 328 559 thcae
344 525 418 557 autent
433 515 503 556 Paulo
520 514 621 565 adscribi,
638 514 712 555 addit:
728 528 778 566 „ca-

78 574 114 630 pit
140 574 297 631 magistrorum
325 572 407 619 videri,
438 587 495 627 quae
518 572 623 625 discipuli
652 572 778 628 promulga-

80 631 127 671 rint
135 630 166 688 f).
197 630 263 681 Quod
279 641 354 670 autem
370 643 415 670 non
432 631 458 670 de
473 646 527 671 rana
546 630 653 686 opinione
666 631 778 684 loquatur.

79 686 178 728 ostendit
193 686 247 727 alter
259 688 342 729 locus:
373 686 459 744 „igitur
470 688 552 741 inquit,
566 687 585 728 si
600 688 649 741 ipse
664 684 780 726 illumina·

78 753 114 783 tor
127 746 200 783 Lucae
215 743 320 797 (Paulus)
336 744 491 785 auctoritatem
508 755 671 783 antecessorum
686 753 709 782 et
724 739 779 781 fidet

79 810 102 839 et
115 797 276 855 praedicationi
292 814 344 841 suae
361 800 450 855 aptavit
461 801 519 851 (cat.
537 811 556 850 2,
573 803 616 851 a),
634 809 718 854 quanto
734 812 779 839 ma·

79 856 112 911 gis
127 870 176 896 earn
191 857 304 912 evangelio
322 859 396 897 Lucae
411 859 560 911 expostulent,
583 871 639 913 quae
663 855 779 913 exangelio

80 913 181 969 magistri
200 913 248 955 eins
263 913 307 956 fuit
322 915 444 956 necessaria
456 915 499 967 2).“

137 986 242 1023 Irenaeus
256 983 350 1038 loquens
366 984 393 1023 de
412 986 472 1023 Petro
489 994 510 1024 et
524 983 594 1025 Paulo
611 986 696 1025 Rornae
712 997 779 1024 evan-

80 1039 240 1097 gelizantibus,
258 1040 329 1082 addit:
359 1042 427 1090 „Post
443 1042 525 1081 borum
547 1056 661 1082 excessum
684 1046 779 1083 Murcus

38 1093 49 1105 χ
81 1097 204 1153 discipulus
219 1107 254 1138 et
275 1096 384 1151 interpres
409 1096 479 1147 Petri,
500 1109 522 1139 et
541 1098 588 1152 ipse
606 1112 662 1152 quae
683 1114 695 1139 a
712 1100 778 1140 Petro

81 1153 216 1197 annunciata
232 1162 301 1203 erant,
318 1168 356 1209 per
373 1152 453 1209 scripta
469 1155 534 1196 nobis
550 1154 647 1194 tradidit.
663 1157 692 1195 Et
703 1159 779 1197 Lucas

81 1223 155 1255 autem
171 1222 265 1251 sectator
277 1211 342 1262 Pauli,
359 1212 419 1264 quod
435 1216 461 1254 ab
477 1214 526 1266 ipsu
534 1212 701 1268 praedicabatur
714 1228 780 1255 evan·

80 1269 164 1324 gelium
180 1269 204 1307 in
219 1267 277 1308 libro
293 1267 436 1323 condidicit).
468 1271 534 1325 Quod
550 1271 577 1309 de
594 1274 675 1311 blarru
691 1271 729 1312 hic
744 1286 780 1313 re-

80 1328 151 1366 tertur
166 1339 218 1365 cum
233 1325 344 1379 prioribus
360 1339 407 1365 non
421 1336 522 1382 pugnat,
538 1340 585 1367 non
602 1326 663 1367 enim
678 1328 780 1384 loquitur
794 1327 796 1329 ’

81 1385 107 1424 de
123 1382 238 1437 evangelio
254 1394 303 1436 post
318 1382 378 1421 Petri
393 1393 414 1422 et
429 1384 492 1423 Pauli
508 1393 603 1423 mortem
619 1388 704 1437 scripto
718 1417 724 1437 ,
741 1387 780 1427 secl

80 1441 169 1482 tradito
184 1438 209 1480 in
224 1444 291 1478 usum
304 1438 417 1481 fidelium:
434 1451 456 1480 et
471 1441 572 1496 quamvis
587 1440 624 1483 hie
640 1443 716 1483 locum
731 1458 780 1484 non

80 1496 184 1541 habuerit
200 1506 305 1545 ,stomun
329 1507 445 1549 prematur
467 1501 489 1539 in
508 1507 604 1539 annum“
624 1498 682 1540 nihil
705 1511 779 1542 tumen

81 1555 149 1597 ctiam
165 1555 238 1595 obstat
252 1556 292 1595 sub
308 1553 378 1594 finem
394 1555 452 1597 vitae
467 1555 528 1597 Petri
544 1555 651 1610 scriptum
670 1557 737 1600 fuisse
753 1572 779 1601 eo

82 1612 173 1655 conscio
188 1621 209 1651 et
225 1613 343 1665 probante,
365 1612 493 1665 praesertim
509 1618 566 1654 cum'
583 1614 662 1656 Petrus
682 1614 731 1669 ipse
752 1616 781 1656 si·

81 1670 135 1712 mile
152 1667 206 1724 quid
220 1666 335 1709 insinuare
350 1669 453 1710 videatur
472 1669 560 1713 dicens:
581 1681 652 1714 morte
670 1672 712 1714 sibi
734 1673 781 1714 iam

83 1729 180 1770 euicino
200 1728 299 1767 instante
310 1726 413 1766 daturum
430 1741 453 1767 se
473 1741 576 1783 operam,
598 1739 625 1769 ut
646 1744 702 1784 quae
723 1745 735 1771 a
752 1737 781 1779 ,se

83 1784 233 1831 audivissent,
249 1798 328 1824 corum
342 1784 473 1825 memoriam
489 1786 585 1826 recolere
599 1798 690 1842 possent
705 1786 730 1828 in
741 1801 781 1842 po-

83 1854 167 1884 sterum
180 1843 205 1895 i).
237 1839 325 1896 Quibus
342 1839 415 1881 verbis
430 1842 546 1884 historiam
562 1844 589 1883 de
612 1843 700 1885 Christo
721 1844 781 1884 indi-

83 1899 141 1946 cari,
157 1899 275 1949 subJuncta
290 1899 317 1939 de
334 1897 381 1938 eius
394 1897 587 1955 transfiguratione
595 1900 700 1951 narratio,
713 1916 781 1958 quam

83 1968 106 1998 et
120 1960 210 1998 Marcus
227 1958 249 1999 C,
266 1967 286 2001 9.
306 1955 395 2004 retulit,
419 1958 511 1998 suadere
530 1956 629 2002 videtur.
656 1958 782 2014 'scripserit

83 2028 135 2069 ergo
152 2012 218 2068 paulo
234 2024 285 2054 ante
300 2011 385 2052 exilum
398 2014 473 2062 Petri,
495 2012 566 2070 eoque
590 2031 630 2071 per
650 2015 781 2069 martyrium

83 2069 209 2128 glorificato
224 2070 332 2125 vulgasse.

146 2129 250 2180 Origenes
262 2129 288 2167 de
303 2130 382 2167 Marco
402 2126 444 2169 ait:
465 2138 546 2182 „proin
560 2130 638 2170 Petrus
656 2128 701 2185 ipsi
718 2145 782 2186 expo-

25 2221 27 2224 ,
84 2184 213 2236 suerat‚in
228 2185 307 2225 literas
319 2184 418 2226 retulit.“
447 2188 630 2228 DeLucavero:
660 2188 782 2233 „Tertium

85 2240 228 2298 evangelium
251 2244 338 2290 Lucae,
359 2243 418 2297 quod
438 2258 450 2285 a
469 2242 540 2285 Paulo
566 2245 736 2287 commendatur
756 2245 781 2289 io

85 2298 178 2359 gratiani
193 2298 315 2356 gentilium
328 2299 480 2357 couscriptum
489 2301 536 2357 t).“

113 2505 142 2567 f)
157 2508 210 2548 Adv.
223 2507 290 2548 Marc.
302 2510 362 2550 Libr.
374 2511 410 2552 IV.
425 2512 451 2555 C.
471 2518 490 2554 5.
501 2527 549 2569 pag,
569 2520 618 2557 trs.
641 2512 783 2568 Ettugatt.

143 2568 170 2620 g)
181 2563 233 2605 ibid.
245 2564 270 2607 C.
286 2573 305 2608 2.
316 2584 363 2624 pag.
376 2576 425 2613 414.
462 2571 486 2620 h)
497 2571 560 2611 Cont.
576 2572 638 2611 Haer.
652 2571 680 2611 L.
697 2579 716 2614 3.
730 2571 783 2625 Cap.

146 2634 166 2667 t.
176 2638 223 2678 pag.
235 2631 284 2666 174.
299 2626 339 2667 Ed.
349 2628 415 2667 Mass.
428 2628 482 2668 Coll.
493 2630 572 2670 Euseb.
583 2629 632 2669 Lib.
653 2636 671 2671 5.
683 2628 707 2669 C.
726 2637 745 2669 9.
761 2646 783 2683 ps

148 2689 198 2725 189»
227 2682 264 2734 i)2
275 2683 364 2735 Peter,
380 2695 480 2731 12-18-
511 2688 530 2739 t)
539 2689 656 2727 comment.
669 2688 690 2726 in
703 2689 783 2728 tunuli,

149 2742 210 2778 Tom·
221 2740 239 2780 l.
256 2740 296 2782 Ed.
310 2744 390 2783 Virteb.
402 2746 463 2787 Toni.
473 2755 508 2789 10.
520 2761 567 2802 peg-
580 2754 629 2790 327.
641 2744 694 2786 Coll.
705 2746 784 2787 Euseb-

147 2799 196 2841 Lib,
208 2805 226 2840 (i.
240 2797 263 2841 C,
275 2807 368 2858 Dipog.
385 2810 433 2846 252.
