<?xml version="1.0" encoding="UTF-8"?>
<!DOCTYPE html PUBLIC "-//W3C//DTD XHTML 1.0 Transitional//EN"
    "http://www.w3.org/TR/xhtml1/DTD/xhtml1-transitional.dtd">
<html xmlns="http://www.w3.org/1999/xhtml" xml:lang="en" lang="en">
 <head>
  <title>
</title>
<meta http-equiv="Content-Type" content="text/html;charset=utf-8" />
  <meta name='ocr-system' content='tesseract 3.04.00' />
  <meta name='ocr-capabilities' content='ocr_page ocr_carea ocr_par ocr_line ocrx_word'/>
</head>
<body>
  <div class='ocr_page' id='page_1' title='image "MN41804ucmf_3_0174.png"; bbox 0 0 1686 3135; ppageno 0'>
   <div class='ocr_carea' id='block_1_1' title="bbox 381 138 593 243">
    <p class='ocr_par' dir='ltr' id='par_1_1' title="bbox 381 138 593 243">
     <span class='ocr_line' id='line_1_1' title="bbox 381 138 593 243; baseline -0.009 -22"><span class='ocrx_word' id='word_1_1' title='bbox 381 194 410 202; x_wconf 93' lang='grc'><strong>-</strong></span> <span class='ocrx_word' id='word_1_2' title='bbox 439 138 539 220; x_wconf 79' lang='lat' dir='ltr'><strong>tta-</strong></span> <span class='ocrx_word' id='word_1_3' title='bbox 591 241 593 243; x_wconf 15' lang='grc' dir='ltr'>Ι</span> 
     </span>
    </p>
   </div>
   <div class='ocr_carea' id='block_1_2' title="bbox 110 294 811 816">
    <p class='ocr_par' dir='ltr' id='par_1_2' title="bbox 110 294 811 816">
     <span class='ocr_line' id='line_1_2' title="bbox 113 294 811 354; baseline -0.004 -14"><span class='ocrx_word' id='word_1_4' title='bbox 113 304 174 354; x_wconf 80' lang='lat' dir='ltr'><strong>J&#39;uxta</strong></span> <span class='ocrx_word' id='word_1_5' title='bbox 191 296 274 340; x_wconf 86' lang='lat' dir='ltr'><strong>scitum</strong></span> <span class='ocrx_word' id='word_1_6' title='bbox 290 297 324 339; x_wconf 84' lang='lat' dir='ltr'><strong>tui</strong></span> <span class='ocrx_word' id='word_1_7' title='bbox 339 294 441 354; x_wconf 76' lang='lat' dir='ltr'><strong>Magistri</strong></span> <span class='ocrx_word' id='word_1_8' title='bbox 457 301 475 348; x_wconf 57' lang='grc' dir='ltr'><strong>ᾗ.</strong></span> <span class='ocrx_word' id='word_1_9' title='bbox 491 305 554 347; x_wconf 72' lang='grc'><strong>103.,</strong></span> <span class='ocrx_word' id='word_1_10' title='bbox 575 294 651 338; x_wconf 85' lang='lat' dir='ltr'><strong>omnia</strong></span> <span class='ocrx_word' id='word_1_11' title='bbox 670 304 760 339; x_wconf 81' lang='lat' dir='ltr'><strong>statuta</strong></span> <span class='ocrx_word' id='word_1_12' title='bbox 779 298 811 337; x_wconf 77' lang='lat' dir='ltr'><strong>ad</strong></span> 
     </span>
     <span class='ocr_line' id='line_1_3' title="bbox 113 353 810 409; baseline -0.004 -10"><span class='ocrx_word' id='word_1_13' title='bbox 113 359 240 400; x_wconf 81' lang='lat' dir='ltr'><strong>nniversam</strong></span> <span class='ocrx_word' id='word_1_14' title='bbox 260 357 372 398; x_wconf 80' lang='lat' dir='ltr'><strong>ecclesiam</strong></span> <span class='ocrx_word' id='word_1_15' title='bbox 388 356 525 409; x_wconf 77' lang='lat' dir='ltr'><em>pertinentia</em></span> <span class='ocrx_word' id='word_1_16' title='bbox 541 353 681 409; x_wconf 70' lang='lat' dir='ltr'><strong>penitissime</strong></span> <span class='ocrx_word' id='word_1_17' title='bbox 695 356 765 402; x_wconf 83' lang='lat' dir='ltr'><strong>norit,</strong></span> <span class='ocrx_word' id='word_1_18' title='bbox 789 367 810 396; x_wconf 88' lang='lat' dir='ltr'><strong>et</strong></span> 
     </span>
     <span class='ocr_line' id='line_1_4' title="bbox 111 410 809 472; baseline -0.004 -16"><span class='ocrx_word' id='word_1_19' title='bbox 111 414 294 472; x_wconf 86' lang='lat' dir='ltr'><strong>praesentissima</strong></span> <span class='ocrx_word' id='word_1_20' title='bbox 310 427 397 469; x_wconf 84' lang='lat' dir='ltr'><strong>semper</strong></span> <span class='ocrx_word' id='word_1_21' title='bbox 412 422 486 453; x_wconf 87' lang='lat' dir='ltr'><strong>teneat</strong></span> <span class='ocrx_word' id='word_1_22' title='bbox 500 410 619 462; x_wconf 86' lang='lat' dir='ltr'><strong>memoria,</strong></span> <span class='ocrx_word' id='word_1_23' title='bbox 635 426 681 452; x_wconf 89' lang='lat' dir='ltr'><strong>non</strong></span> <span class='ocrx_word' id='word_1_24' title='bbox 703 427 756 454; x_wconf 87' lang='lat' dir='ltr'><strong>sane</strong></span> <span class='ocrx_word' id='word_1_25' title='bbox 776 412 809 453; x_wconf 90' lang='lat' dir='ltr'><strong>in-</strong></span> 
     </span>
     <span class='ocr_line' id='line_1_5' title="bbox 112 468 809 525; baseline -0.009 -9"><span class='ocrx_word' id='word_1_26' title='bbox 112 471 197 525; x_wconf 68' lang='lat' dir='ltr'><strong>telligo.</strong></span> <span class='ocrx_word' id='word_1_27' title='bbox 243 473 276 514; x_wconf 85' lang='lat' dir='ltr'><strong>Ad</strong></span> <span class='ocrx_word' id='word_1_28' title='bbox 302 474 346 512; x_wconf 92' lang='lat' dir='ltr'><strong>hoc</strong></span> <span class='ocrx_word' id='word_1_29' title='bbox 371 485 424 511; x_wconf 83' lang='lat' dir='ltr'><strong>vero</strong></span> <span class='ocrx_word' id='word_1_30' title='bbox 450 470 619 511; x_wconf 84' lang='lat' dir='ltr'><strong>incommodum</strong></span> <span class='ocrx_word' id='word_1_31' title='bbox 643 468 700 510; x_wconf 82' lang='lat' dir='ltr'><strong>illud</strong></span> <span class='ocrx_word' id='word_1_32' title='bbox 723 470 809 511; x_wconf 87' lang='lat' dir='ltr'><strong>accedit</strong></span> 
     </span>
     <span class='ocr_line' id='line_1_6' title="bbox 112 525 810 586; baseline -0.006 -14"><span class='ocrx_word' id='word_1_33' title='bbox 112 525 182 573; x_wconf 77' lang='lat' dir='ltr'><strong>ctiain</strong></span> <span class='ocrx_word' id='word_1_34' title='bbox 199 529 297 586; x_wconf 79' lang='lat' dir='ltr'><strong>gravius.</strong></span> <span class='ocrx_word' id='word_1_35' title='bbox 314 528 438 583; x_wconf 85' lang='lat' dir='ltr'><strong>quod-eant</strong></span> <span class='ocrx_word' id='word_1_36' title='bbox 455 528 574 568; x_wconf 82' lang='lat' dir='ltr'><strong>formulam</strong></span> <span class='ocrx_word' id='word_1_37' title='bbox 594 526 692 582; x_wconf 81' lang='lat' dir='ltr'><strong>profiteri</strong></span> <span class='ocrx_word' id='word_1_38' title='bbox 715 529 810 568; x_wconf 86' lang='lat' dir='ltr'><strong>debeant</strong></span> 
     </span>
     <span class='ocr_line' id='line_1_7' title="bbox 112 584 808 642; baseline -0.007 -12"><span class='ocrx_word' id='word_1_39' title='bbox 112 587 214 631; x_wconf 80' lang='lat' dir='ltr'><strong>universi</strong></span> <span class='ocrx_word' id='word_1_40' title='bbox 229 586 348 642; x_wconf 77' lang='lat' dir='ltr'><strong>praesules,</strong></span> <span class='ocrx_word' id='word_1_41' title='bbox 360 584 461 626; x_wconf 87' lang='lat' dir='ltr'><strong>universi</strong></span> <span class='ocrx_word' id='word_1_42' title='bbox 477 584 580 626; x_wconf 82' lang='lat' dir='ltr'><strong>secularis</strong></span> <span class='ocrx_word' id='word_1_43' title='bbox 595 594 617 625; x_wconf 88' lang='lat' dir='ltr'><strong>et</strong></span> <span class='ocrx_word' id='word_1_44' title='bbox 631 584 738 641; x_wconf 78' lang='lat' dir='ltr'><strong>regularis</strong></span> <span class='ocrx_word' id='word_1_45' title='bbox 754 584 808 625; x_wconf 86' lang='lat' dir='ltr'><strong>cleri</strong></span> 
     </span>
     <span class='ocr_line' id='line_1_8' title="bbox 112 637 808 696; baseline -0.007 -9"><span class='ocrx_word' id='word_1_46' title='bbox 112 645 139 687; x_wconf 90' lang='lat' dir='ltr'><strong>in</strong></span> <span class='ocrx_word' id='word_1_47' title='bbox 159 641 315 687; x_wconf 85' lang='lat' dir='ltr'><strong>ecclesiasticis</strong></span> <span class='ocrx_word' id='word_1_48' title='bbox 336 640 484 696; x_wconf 73' lang='lat' dir='ltr'><strong>dignitatibus</strong></span> <span class='ocrx_word' id='word_1_49' title='bbox 506 641 637 691; x_wconf 88' lang='lat' dir='ltr'><strong>constituti,</strong></span> <span class='ocrx_word' id='word_1_50' title='bbox 657 656 733 683; x_wconf 88' lang='lat' dir='ltr'><strong>omnes</strong></span> <span class='ocrx_word' id='word_1_51' title='bbox 746 637 808 683; x_wconf 70' lang='lat' dir='ltr'><strong>¹item</strong></span> 
     </span>
     <span class='ocr_line' id='line_1_9' title="bbox 111 698 807 756; baseline -0.007 -12"><span class='ocrx_word' id='word_1_52' title='bbox 111 702 227 751; x_wconf 86' lang='lat' dir='ltr'><strong>canonici,</strong></span> <span class='ocrx_word' id='word_1_53' title='bbox 247 711 296 741; x_wconf 89' lang='lat' dir='ltr'><strong>tum</strong></span> <span class='ocrx_word' id='word_1_54' title='bbox 317 701 388 756; x_wconf 82' lang='lat' dir='ltr'><strong>gradu</strong></span> <span class='ocrx_word' id='word_1_55' title='bbox 408 699 479 749; x_wconf 86' lang='lat' dir='ltr'><strong>ornati</strong></span> <span class='ocrx_word' id='word_1_56' title='bbox 500 698 641 756; x_wconf 80' lang='lat' dir='ltr'><strong>theologico,</strong></span> <span class='ocrx_word' id='word_1_57' title='bbox 661 709 683 741; x_wconf 88' lang='lat' dir='ltr'><strong>et</strong></span> <span class='ocrx_word' id='word_1_58' title='bbox 705 698 807 741; x_wconf 84' lang='lat' dir='ltr'><strong>universi</strong></span> 
     </span>
     <span class='ocr_line' id='line_1_10' title="bbox 110 758 210 816; baseline -0.02 -14"><span class='ocrx_word' id='word_1_59' title='bbox 110 758 210 816; x_wconf 81' lang='lat' dir='ltr'><strong>parochi.</strong></span> 
     </span>
    </p>
   </div>
   <div class='ocr_carea' id='block_1_3' title="bbox 108 847 808 1766">
    <p class='ocr_par' dir='ltr' id='par_1_3' title="bbox 108 847 808 1766">
     <span class='ocr_line' id='line_1_11' title="bbox 141 847 808 903; baseline -0.004 -12"><span class='ocrx_word' id='word_1_60' title='bbox 141 866 143 869; x_wconf 63' lang='grc'>’</span> <span class='ocrx_word' id='word_1_61' title='bbox 171 851 297 891; x_wconf 85' lang='lat' dir='ltr'><strong>Tantorum</strong></span> <span class='ocrx_word' id='word_1_62' title='bbox 312 847 389 896; x_wconf 87' lang='lat' dir='ltr'><strong>saluti,</strong></span> <span class='ocrx_word' id='word_1_63' title='bbox 408 847 440 888; x_wconf 82' lang='lat' dir='ltr'><strong>nri</strong></span> <span class='ocrx_word' id='word_1_64' title='bbox 461 848 554 900; x_wconf 84' lang='lat' dir='ltr'><strong>Comes,</strong></span> <span class='ocrx_word' id='word_1_65' title='bbox 575 850 687 903; x_wconf 88' lang='lat' dir='ltr'><strong>quomodo</strong></span> <span class='ocrx_word' id='word_1_66' title='bbox 704 848 808 890; x_wconf 63' lang='lat' dir='ltr'><strong>consula-⁴</strong></span> 
     </span>
     <span class='ocr_line' id='line_1_12' title="bbox 109 904 807 963; baseline -0.004 -14"><span class='ocrx_word' id='word_1_67' title='bbox 109 908 148 958; x_wconf 78' lang='lat' dir='ltr'><strong>tis,</strong></span> <span class='ocrx_word' id='word_1_68' title='bbox 164 907 278 963; x_wconf 88' lang='lat' dir='ltr'><strong>quomodo</strong></span> <span class='ocrx_word' id='word_1_69' title='bbox 287 906 312 946; x_wconf 91' lang='lat' dir='ltr'><strong>in</strong></span> <span class='ocrx_word' id='word_1_70' title='bbox 326 915 397 946; x_wconf 84' lang='lat' dir='ltr'><strong>vestra</strong></span> <span class='ocrx_word' id='word_1_71' title='bbox 413 904 522 945; x_wconf 83' lang='lat' dir='ltr'><strong>sententia</strong></span> <span class='ocrx_word' id='word_1_72' title='bbox 538 906 631 961; x_wconf 82' lang='lat' dir='ltr'><strong>perjurii</strong></span> <span class='ocrx_word' id='word_1_73' title='bbox 648 906 742 946; x_wconf 84' lang='lat' dir='ltr'><strong>erimine</strong></span> <span class='ocrx_word' id='word_1_74' title='bbox 757 919 807 961; x_wconf 87' lang='lat' dir='ltr'><strong>pos·</strong></span> 
     </span>
     <span class='ocr_line' id='line_1_13' title="bbox 109 963 808 1018; baseline -0.009 -10"><span class='ocrx_word' id='word_1_75' title='bbox 109 965 159 1008; x_wconf 87' lang='lat' dir='ltr'><strong>sitis</strong></span> <span class='ocrx_word' id='word_1_76' title='bbox 176 963 283 1012; x_wconf 81' lang='lat' dir='ltr'><strong>eximere,</strong></span> <span class='ocrx_word' id='word_1_77' title='bbox 299 963 324 1003; x_wconf 86' lang='lat' dir='ltr'><strong>id</strong></span> <span class='ocrx_word' id='word_1_78' title='bbox 334 978 364 1005; x_wconf 63' lang='lat' dir='ltr'><strong>‘ex</strong></span> <span class='ocrx_word' id='word_1_79' title='bbox 379 963 451 1003; x_wconf 89' lang='lat' dir='ltr'><strong>multo</strong></span> <span class='ocrx_word' id='word_1_80' title='bbox 467 965 511 1014; x_wconf 68' lang='lat' dir='ltr'><strong>iam</strong></span> <span class='ocrx_word' id='word_1_81' title='bbox 533 972 634 1017; x_wconf 82' lang='lat' dir='ltr'><strong>tempore</strong></span> <span class='ocrx_word' id='word_1_82' title='bbox 654 964 709 1004; x_wconf 86' lang='lat' dir='ltr'><strong>scire</strong></span> <span class='ocrx_word' id='word_1_83' title='bbox 730 978 808 1018; x_wconf 89' lang='lat' dir='ltr'><strong>percu-</strong></span> 
     </span>
     <span class='ocr_line' id='line_1_14' title="bbox 108 1018 807 1081; baseline -0.006 -16"><span class='ocrx_word' id='word_1_84' title='bbox 108 1023 156 1081; x_wconf 89' lang='lat' dir='ltr'><strong>pio.</strong></span> <span class='ocrx_word' id='word_1_85' title='bbox 190 1023 270 1078; x_wconf 85' lang='lat' dir='ltr'><strong>Neque</strong></span> <span class='ocrx_word' id='word_1_86' title='bbox 289 1018 350 1062; x_wconf 88' lang='lat' dir='ltr'><strong>enim</strong></span> <span class='ocrx_word' id='word_1_87' title='bbox 376 1029 469 1060; x_wconf 83' lang='lat' dir='ltr'><strong>centena</strong></span> <span class='ocrx_word' id='word_1_88' title='bbox 493 1020 549 1061; x_wconf 88' lang='lat' dir='ltr'><strong>haec</strong></span> <span class='ocrx_word' id='word_1_89' title='bbox 572 1020 688 1061; x_wconf 82' lang='lat' dir='ltr'><strong>volumina</strong></span> <span class='ocrx_word' id='word_1_90' title='bbox 713 1020 807 1076; x_wconf 79' lang='lat' dir='ltr'><strong>grandia</strong></span> 
     </span>
     <span class='ocr_line' id='line_1_15' title="bbox 109 1074 806 1135; baseline -0.009 -12"><span class='ocrx_word' id='word_1_91' title='bbox 109 1081 146 1123; x_wconf 90' lang='lat' dir='ltr'><strong>vel</strong></span> <span class='ocrx_word' id='word_1_92' title='bbox 159 1079 203 1135; x_wconf 83' lang='lat' dir='ltr'><strong>ipsi</strong></span> <span class='ocrx_word' id='word_1_93' title='bbox 217 1078 332 1134; x_wconf 85' lang='lat' dir='ltr'><strong>possident</strong></span> <span class='ocrx_word' id='word_1_94' title='bbox 351 1078 461 1134; x_wconf 76' lang='lat' dir='ltr'><strong>praesules</strong></span> <span class='ocrx_word' id='word_1_95' title='bbox 481 1074 592 1127; x_wconf 85' lang='lat' dir='ltr'><strong>universi;</strong></span> <span class='ocrx_word' id='word_1_96' title='bbox 616 1092 627 1118; x_wconf 90' lang='lat' dir='ltr'><strong>e</strong></span> <span class='ocrx_word' id='word_1_97' title='bbox 649 1076 728 1133; x_wconf 83' lang='lat' dir='ltr'><strong>quibus</strong></span> <span class='ocrx_word' id='word_1_98' title='bbox 750 1078 806 1132; x_wconf 88' lang='lat' dir='ltr'><strong>quid</strong></span> 
     </span>
     <span class='ocr_line' id='line_1_16' title="bbox 110 1132 806 1191; baseline -0.007 -10"><span class='ocrx_word' id='word_1_99' title='bbox 110 1139 138 1181; x_wconf 87' lang='lat' dir='ltr'><strong>de</strong></span> <span class='ocrx_word' id='word_1_100' title='bbox 153 1136 247 1191; x_wconf 86' lang='lat' dir='ltr'><strong>reliquis</strong></span> <span class='ocrx_word' id='word_1_101' title='bbox 262 1146 353 1186; x_wconf 85' lang='lat' dir='ltr'><strong>statuas,</strong></span> <span class='ocrx_word' id='word_1_102' title='bbox 368 1136 420 1177; x_wconf 87' lang='lat' dir='ltr'><strong>satis</strong></span> <span class='ocrx_word' id='word_1_103' title='bbox 434 1132 552 1189; x_wconf 79' lang='lat' dir='ltr'><strong>intelliges.</strong></span> <span class='ocrx_word' id='word_1_104' title='bbox 576 1135 620 1176; x_wconf 85' lang='lat' dir='ltr'><strong>Sed</strong></span> <span class='ocrx_word' id='word_1_105' title='bbox 632 1135 673 1182; x_wconf 79' lang='lat' dir='ltr'><strong>tac,</strong></span> <span class='ocrx_word' id='word_1_106' title='bbox 689 1136 764 1177; x_wconf 85' lang='lat' dir='ltr'><strong>cuncti</strong></span> <span class='ocrx_word' id='word_1_107' title='bbox 780 1150 806 1176; x_wconf 89' lang='lat' dir='ltr'><strong>ea</strong></span> 
     </span>
     <span class='ocr_line' id='line_1_17' title="bbox 108 1190 806 1247; baseline -0.007 -9"><span class='ocrx_word' id='word_1_108' title='bbox 108 1197 220 1243; x_wconf 84' lang='lat' dir='ltr'><strong>habeant;</strong></span> <span class='ocrx_word' id='word_1_109' title='bbox 237 1208 293 1233; x_wconf 80' lang='lat' dir='ltr'><strong>nunt</strong></span> <span class='ocrx_word' id='word_1_110' title='bbox 308 1192 376 1233; x_wconf 86' lang='lat' dir='ltr'><strong>etiam</strong></span> <span class='ocrx_word' id='word_1_111' title='bbox 390 1190 479 1247; x_wconf 85' lang='lat' dir='ltr'><strong>legendi</strong></span> <span class='ocrx_word' id='word_1_112' title='bbox 495 1191 567 1232; x_wconf 84' lang='lat' dir='ltr'><strong>otium</strong></span> <span class='ocrx_word' id='word_1_113' title='bbox 577 1195 625 1234; x_wconf 76' lang='lat' dir='ltr'><strong>est?</strong></span> <span class='ocrx_word' id='word_1_114' title='bbox 642 1208 697 1233; x_wconf 87' lang='lat' dir='ltr'><strong>nurn</strong></span> <span class='ocrx_word' id='word_1_115' title='bbox 708 1207 732 1234; x_wconf 88' lang='lat' dir='ltr'><strong>ea</strong></span> <span class='ocrx_word' id='word_1_116' title='bbox 744 1192 806 1247; x_wconf 83' lang='lat' dir='ltr'><strong>quis-</strong></span> 
     </span>
     <span class='ocr_line' id='line_1_18' title="bbox 109 1249 806 1311; baseline -0.003 -18"><span class='ocrx_word' id='word_1_117' title='bbox 109 1267 154 1311; x_wconf 86' lang='lat' dir='ltr'><strong>que</strong></span> <span class='ocrx_word' id='word_1_118' title='bbox 177 1265 220 1308; x_wconf 89' lang='lat' dir='ltr'><strong>qua</strong></span> <span class='ocrx_word' id='word_1_119' title='bbox 240 1251 366 1306; x_wconf 77' lang='lat' dir='ltr'><strong>Didynrns,</strong></span> <span class='ocrx_word' id='word_1_120' title='bbox 387 1258 426 1289; x_wconf 88' lang='lat' dir='ltr'><strong>aut</strong></span> <span class='ocrx_word' id='word_1_121' title='bbox 450 1252 556 1290; x_wconf 80' lang='lat' dir='ltr'><strong>Testatus</strong></span> <span class='ocrx_word' id='word_1_122' title='bbox 577 1250 684 1290; x_wconf 85' lang='lat' dir='ltr'><strong>memoria</strong></span> <span class='ocrx_word' id='word_1_123' title='bbox 705 1249 758 1297; x_wconf 84' lang='lat' dir='ltr'><strong>erit,</strong></span> <span class='ocrx_word' id='word_1_124' title='bbox 779 1261 806 1291; x_wconf 83' lang='lat' dir='ltr'><strong>ut</strong></span> 
     </span>
     <span class='ocr_line' id='line_1_19' title="bbox 108 1306 805 1368; baseline -0.003 -18"><span class='ocrx_word' id='word_1_125' title='bbox 108 1311 171 1368; x_wconf 84' lang='lat' dir='ltr'><strong>quod</strong></span> <span class='ocrx_word' id='word_1_126' title='bbox 193 1309 312 1365; x_wconf 79' lang='lat' dir='ltr'><strong>legissent,</strong></span> <span class='ocrx_word' id='word_1_127' title='bbox 347 1307 442 1348; x_wconf 82' lang='lat' dir='ltr'><strong>fideliter</strong></span> <span class='ocrx_word' id='word_1_128' title='bbox 471 1319 560 1361; x_wconf 84' lang='lat' dir='ltr'><strong>quoque</strong></span> <span class='ocrx_word' id='word_1_129' title='bbox 590 1306 702 1348; x_wconf 75' lang='lat' dir='ltr'><strong>retinent</strong></span> <span class='ocrx_word' id='word_1_130' title='bbox 752 1307 805 1349; x_wconf 86' lang='lat' dir='ltr'><strong>Sine</strong></span> 
     </span>
     <span class='ocr_line' id='line_1_20' title="bbox 108 1363 805 1425; baseline -0.003 -17"><span class='ocrx_word' id='word_1_131' title='bbox 108 1365 249 1425; x_wconf 80' lang='lat' dir='ltr'><strong>praejudicio</strong></span> <span class='ocrx_word' id='word_1_132' title='bbox 270 1364 354 1421; x_wconf 83' lang='lat' dir='ltr'><strong>gloriae</strong></span> <span class='ocrx_word' id='word_1_133' title='bbox 375 1376 474 1411; x_wconf 84' lang='lat' dir='ltr'><strong>vestrae,</strong></span> <span class='ocrx_word' id='word_1_134' title='bbox 501 1364 533 1405; x_wconf 88' lang='lat' dir='ltr'><strong>mi</strong></span> <span class='ocrx_word' id='word_1_135' title='bbox 554 1365 646 1412; x_wconf 87' lang='lat' dir='ltr'><strong>Comes,</strong></span> <span class='ocrx_word' id='word_1_136' title='bbox 673 1363 805 1420; x_wconf 85' lang='lat' dir='ltr'><strong>simpliciter</strong></span> 
     </span>
     <span class='ocr_line' id='line_1_21' title="bbox 108 1422 805 1478; baseline -0.006 -11"><span class='ocrx_word' id='word_1_137' title='bbox 108 1425 196 1468; x_wconf 89' lang='lat' dir='ltr'><strong>dictum</strong></span> <span class='ocrx_word' id='word_1_138' title='bbox 212 1422 253 1464; x_wconf 85' lang='lat' dir='ltr'><strong>sit:</strong></span> <span class='ocrx_word' id='word_1_139' title='bbox 269 1437 312 1478; x_wconf 83' lang='lat' dir='ltr'><strong>ego</strong></span> <span class='ocrx_word' id='word_1_140' title='bbox 326 1437 369 1472; x_wconf 91' lang='lat' dir='ltr'><strong>nec</strong></span> <span class='ocrx_word' id='word_1_141' title='bbox 384 1431 417 1469; x_wconf 87' lang='lat' dir='ltr'><strong>te,</strong></span> <span class='ocrx_word' id='word_1_142' title='bbox 432 1422 623 1477; x_wconf 74' lang='lat' dir='ltr'><strong>neetttagtsrrum</strong></span> <span class='ocrx_word' id='word_1_143' title='bbox 639 1432 702 1463; x_wconf 89' lang='lat' dir='ltr'><strong>tunm</strong></span> <span class='ocrx_word' id='word_1_144' title='bbox 722 1424 746 1463; x_wconf 89' lang='lat' dir='ltr'><strong>id</strong></span> <span class='ocrx_word' id='word_1_145' title='bbox 766 1437 805 1477; x_wconf 82' lang='lat' dir='ltr'><strong>ge-</strong></span> 
     </span>
     <span class='ocr_line' id='line_1_22' title="bbox 108 1479 805 1534; baseline -0.004 -10"><span class='ocrx_word' id='word_1_146' title='bbox 108 1496 154 1524; x_wconf 88' lang='lat' dir='ltr'><strong>nus</strong></span> <span class='ocrx_word' id='word_1_147' title='bbox 176 1481 234 1521; x_wconf 91' lang='lat' dir='ltr'><strong>duco</strong></span> <span class='ocrx_word' id='word_1_148' title='bbox 256 1479 388 1521; x_wconf 81' lang='lat' dir='ltr'><strong>eruditionis</strong></span> <span class='ocrx_word' id='word_1_149' title='bbox 408 1489 474 1534; x_wconf 87' lang='lat' dir='ltr'><strong>atque</strong></span> <span class='ocrx_word' id='word_1_150' title='bbox 500 1479 622 1520; x_wconf 85' lang='lat' dir='ltr'><strong>memoriae</strong></span> <span class='ocrx_word' id='word_1_151' title='bbox 648 1481 760 1534; x_wconf 82' lang='lat' dir='ltr'><strong>portenta,</strong></span> <span class='ocrx_word' id='word_1_152' title='bbox 779 1492 805 1522; x_wconf 83' lang='lat' dir='ltr'><strong>ut</strong></span> 
     </span>
     <span class='ocr_line' id='line_1_23' title="bbox 108 1536 804 1591; baseline -0.004 -10"><span class='ocrx_word' id='word_1_153' title='bbox 108 1537 186 1581; x_wconf 83' lang='lat' dir='ltr'><strong>omnis</strong></span> <span class='ocrx_word' id='word_1_154' title='bbox 203 1536 402 1578; x_wconf 81' lang='lat' dir='ltr'><strong>sacraoctodecim</strong></span> <span class='ocrx_word' id='word_1_155' title='bbox 416 1537 543 1577; x_wconf 88' lang='lat' dir='ltr'><strong>seculorum</strong></span> <span class='ocrx_word' id='word_1_156' title='bbox 560 1536 692 1591; x_wconf 77' lang='lat' dir='ltr'><strong>antiquitas,</strong></span> <span class='ocrx_word' id='word_1_157' title='bbox 708 1537 754 1591; x_wconf 80' lang='lat' dir='ltr'><strong>ipsa</strong></span> <span class='ocrx_word' id='word_1_158' title='bbox 772 1539 804 1578; x_wconf 80' lang='lat' dir='ltr'><strong>di-</strong></span> 
     </span>
     <span class='ocr_line' id='line_1_24' title="bbox 109 1594 802 1645; baseline -0.004 -7"><span class='ocrx_word' id='word_1_159' title='bbox 109 1594 209 1638; x_wconf 89' lang='lat' dir='ltr'><strong>lucidior</strong></span> <span class='ocrx_word' id='word_1_160' title='bbox 235 1608 301 1645; x_wconf 85' lang='lat' dir='ltr'><strong>aura,</strong></span> <span class='ocrx_word' id='word_1_161' title='bbox 321 1594 399 1635; x_wconf 76' lang='lat' dir='ltr'><strong>vestris</strong></span> <span class='ocrx_word' id='word_1_162' title='bbox 420 1602 547 1634; x_wconf 82' lang='lat' dir='ltr'><strong>constanter</strong></span> <span class='ocrx_word' id='word_1_163' title='bbox 570 1596 697 1634; x_wconf 82' lang='lat' dir='ltr'><strong>obversetur</strong></span> <span class='ocrx_word' id='word_1_164' title='bbox 725 1596 802 1636; x_wconf 85' lang='lat' dir='ltr'><strong>oculis.</strong></span> 
     </span>
     <span class='ocr_line' id='line_1_25' title="bbox 109 1649 804 1709; baseline -0.001 -15"><span class='ocrx_word' id='word_1_165' title='bbox 109 1653 180 1709; x_wconf 82' lang='lat' dir='ltr'><strong>Quod</strong></span> <span class='ocrx_word' id='word_1_166' title='bbox 194 1666 246 1707; x_wconf 84' lang='lat' dir='ltr'><strong>ergo</strong></span> <span class='ocrx_word' id='word_1_167' title='bbox 260 1650 286 1692; x_wconf 84' lang='lat' dir='ltr'><strong>in</strong></span> <span class='ocrx_word' id='word_1_168' title='bbox 306 1650 373 1692; x_wconf 87' lang='lat' dir='ltr'><strong>tantis</strong></span> <span class='ocrx_word' id='word_1_169' title='bbox 392 1650 456 1691; x_wconf 86' lang='lat' dir='ltr'><strong>malis</strong></span> <span class='ocrx_word' id='word_1_170' title='bbox 477 1649 602 1690; x_wconf 84' lang='lat' dir='ltr'><strong>remedium</strong></span> <span class='ocrx_word' id='word_1_171' title='bbox 624 1650 671 1692; x_wconf 72' lang='lat' dir='ltr'><strong>est?</strong></span> <span class='ocrx_word' id='word_1_172' title='bbox 705 1655 757 1699; x_wconf 73' lang='lat' dir='ltr'><strong>tlte,</strong></span> <span class='ocrx_word' id='word_1_173' title='bbox 777 1663 804 1693; x_wconf 89' lang='lat' dir='ltr'><strong>ut</strong></span> 
     </span>
     <span class='ocr_line' id='line_1_26' title="bbox 108 1706 804 1766; baseline 0 -15"><span class='ocrx_word' id='word_1_174' title='bbox 108 1724 189 1752; x_wconf 82' lang='lat' dir='ltr'><strong>verum</strong></span> <span class='ocrx_word' id='word_1_175' title='bbox 204 1709 286 1760; x_wconf 81' lang='lat' dir='ltr'><strong>fatear,</strong></span> <span class='ocrx_word' id='word_1_176' title='bbox 299 1718 415 1750; x_wconf 86' lang='lat' dir='ltr'><strong>tantorum</strong></span> <span class='ocrx_word' id='word_1_177' title='bbox 430 1706 550 1750; x_wconf 86' lang='lat' dir='ltr'><strong>discrimen</strong></span> <span class='ocrx_word' id='word_1_178' title='bbox 564 1722 611 1750; x_wconf 89' lang='lat' dir='ltr'><strong>non</strong></span> <span class='ocrx_word' id='word_1_179' title='bbox 629 1723 709 1766; x_wconf 79' lang='lat' dir='ltr'><strong>parurn</strong></span> <span class='ocrx_word' id='word_1_180' title='bbox 723 1710 804 1752; x_wconf 87' lang='lat' dir='ltr'><strong>sollici·</strong></span> 
     </span>
    </p>
   </div>
   <div class='ocr_carea' id='block_1_4' title="bbox 107 1772 239 1810">
    <p class='ocr_par' dir='ltr' id='par_1_4' title="bbox 107 1772 239 1810">
     <span class='ocr_line' id='line_1_27' title="bbox 107 1772 239 1810; baseline 0 0"><span class='ocrx_word' id='word_1_181' title='bbox 107 1772 239 1810; x_wconf 70' lang='lat' dir='ltr'><strong>tum&#39;tenet.</strong></span> 
     </span>
    </p>
   </div>
   <div class='ocr_carea' id='block_1_5' title="bbox 97 1854 801 2893">
    <p class='ocr_par' dir='ltr' id='par_1_5' title="bbox 97 1854 801 2893">
     <span class='ocr_line' id='line_1_28' title="bbox 167 1854 801 1912; baseline 0.002 -13"><span class='ocrx_word' id='word_1_182' title='bbox 167 1859 211 1899; x_wconf 87' lang='lat' dir='ltr'><strong>Sed</strong></span> <span class='ocrx_word' id='word_1_183' title='bbox 226 1867 315 1908; x_wconf 85' lang='lat' dir='ltr'><strong>tamen,</strong></span> <span class='ocrx_word' id='word_1_184' title='bbox 331 1857 385 1898; x_wconf 89' lang='lat' dir='ltr'><strong>dum</strong></span> <span class='ocrx_word' id='word_1_185' title='bbox 400 1855 465 1898; x_wconf 76' lang='lat' dir='ltr'><strong>anxie</strong></span> <span class='ocrx_word' id='word_1_186' title='bbox 479 1854 651 1912; x_wconf 83' lang='lat' dir='ltr'><strong>circumspicio,</strong></span> <span class='ocrx_word' id='word_1_187' title='bbox 673 1872 722 1900; x_wconf 88' lang='lat' dir='ltr'><strong>eam</strong></span> <span class='ocrx_word' id='word_1_188' title='bbox 744 1858 801 1901; x_wconf 82' lang='lat' dir='ltr'><strong>nri-hi</strong></span> 
     </span>
     <span class='ocr_line' id='line_1_29' title="bbox 106 1914 801 1971; baseline 0.001 -13"><span class='ocrx_word' id='word_1_189' title='bbox 106 1916 171 1959; x_wconf 74' lang='lat' dir='ltr'><strong>visus</strong></span> <span class='ocrx_word' id='word_1_190' title='bbox 186 1930 236 1958; x_wconf 87' lang='lat' dir='ltr'><strong>sum</strong></span> <span class='ocrx_word' id='word_1_191' title='bbox 251 1916 358 1970; x_wconf 82' lang='lat' dir='ltr'><strong>reperisse</strong></span> <span class='ocrx_word' id='word_1_192' title='bbox 374 1915 496 1965; x_wconf 88' lang='lat' dir='ltr'><strong>medelam,</strong></span> <span class='ocrx_word' id='word_1_193' title='bbox 512 1929 568 1971; x_wconf 87' lang='lat' dir='ltr'><strong>quae</strong></span> <span class='ocrx_word' id='word_1_194' title='bbox 581 1914 671 1970; x_wconf 82' lang='lat' dir='ltr'><strong>perjurii</strong></span> <span class='ocrx_word' id='word_1_195' title='bbox 688 1917 772 1958; x_wconf 85' lang='lat' dir='ltr'><strong>crimen</strong></span> <span class='ocrx_word' id='word_1_196' title='bbox 789 1932 801 1960; x_wconf 84' lang='lat' dir='ltr'><strong>a</strong></span> 
     </span>
     <span class='ocr_line' id='line_1_30' title="bbox 108 1972 801 2030; baseline 0.001 -14"><span class='ocrx_word' id='word_1_197' title='bbox 108 1973 172 2016; x_wconf 86' lang='lat' dir='ltr'><strong>vobis</strong></span> <span class='ocrx_word' id='word_1_198' title='bbox 188 1982 260 2014; x_wconf 85' lang='lat' dir='ltr'><strong>arceat</strong></span> <span class='ocrx_word' id='word_1_199' title='bbox 274 1973 299 2013; x_wconf 91' lang='lat' dir='ltr'><strong>in</strong></span> <span class='ocrx_word' id='word_1_200' title='bbox 314 1982 434 2028; x_wconf 85' lang='lat' dir='ltr'><strong>posterum.</strong></span> <span class='ocrx_word' id='word_1_201' title='bbox 456 1974 492 2012; x_wconf 89' lang='lat' dir='ltr'><strong>Tu</strong></span> <span class='ocrx_word' id='word_1_202' title='bbox 506 1976 550 2024; x_wconf 83' lang='lat' dir='ltr'><strong>janu</strong></span> <span class='ocrx_word' id='word_1_203' title='bbox 566 1972 624 2024; x_wconf 76' lang='lat' dir='ltr'><strong>ride,</strong></span> <span class='ocrx_word' id='word_1_204' title='bbox 640 1988 667 2013; x_wconf 88' lang='lat' dir='ltr'><strong>an</strong></span> <span class='ocrx_word' id='word_1_205' title='bbox 684 1977 801 2030; x_wconf 78' lang='lat' dir='ltr'><strong>approbes.</strong></span> 
     </span>
     <span class='ocr_line' id='line_1_31' title="bbox 108 2028 800 2086; baseline 0.001 -14"><span class='ocrx_word' id='word_1_206' title='bbox 108 2036 196 2077; x_wconf 90' lang='lat' dir='ltr'><strong>Censeo</strong></span> <span class='ocrx_word' id='word_1_207' title='bbox 216 2028 287 2086; x_wconf 85' lang='lat' dir='ltr'><strong>igitur</strong></span> <span class='ocrx_word' id='word_1_208' title='bbox 307 2029 384 2071; x_wconf 87' lang='lat' dir='ltr'><strong>salutis</strong></span> <span class='ocrx_word' id='word_1_209' title='bbox 403 2039 487 2070; x_wconf 83' lang='lat' dir='ltr'><strong>vestrae</strong></span> <span class='ocrx_word' id='word_1_210' title='bbox 513 2044 588 2076; x_wconf 85' lang='lat' dir='ltr'><strong>causa,</strong></span> <span class='ocrx_word' id='word_1_211' title='bbox 609 2040 647 2077; x_wconf 89' lang='lat' dir='ltr'><strong>ut,</strong></span> <span class='ocrx_word' id='word_1_212' title='bbox 671 2032 733 2072; x_wconf 81' lang='lat' dir='ltr'><strong>lectis</strong></span> <span class='ocrx_word' id='word_1_213' title='bbox 757 2033 800 2082; x_wconf 77' lang='lat' dir='ltr'><strong>tris,</strong></span> 
     </span>
     <span class='ocr_line' id='line_1_32' title="bbox 105 2087 799 2146; baseline 0 -15"><span class='ocrx_word' id='word_1_214' title='bbox 105 2088 227 2146; x_wconf 72' lang='lat' dir='ltr'><strong>peripturas</strong></span> <span class='ocrx_word' id='word_1_215' title='bbox 249 2088 359 2129; x_wconf 84' lang='lat' dir='ltr'><strong>continuo</strong></span> <span class='ocrx_word' id='word_1_216' title='bbox 375 2087 463 2144; x_wconf 82' lang='lat' dir='ltr'><strong>ponatis</strong></span> <span class='ocrx_word' id='word_1_217' title='bbox 483 2087 625 2134; x_wconf 69' lang='lat' dir='ltr'><strong>manibus,</strong></span> <span class='ocrx_word' id='word_1_218' title='bbox 643 2102 684 2129; x_wconf 88' lang='lat' dir='ltr'><strong>nec</strong></span> <span class='ocrx_word' id='word_1_219' title='bbox 705 2089 799 2132; x_wconf 85' lang='lat' dir='ltr'><strong>omnino</strong></span> 
     </span>
     <span class='ocr_line' id='line_1_33' title="bbox 106 2143 799 2201; baseline -0.003 -13"><span class='ocrx_word' id='word_1_220' title='bbox 106 2143 228 2188; x_wconf 88' lang='lat' dir='ltr'><strong>attrectetis</strong></span> <span class='ocrx_word' id='word_1_221' title='bbox 241 2143 351 2201; x_wconf 86' lang='lat' dir='ltr'><strong>amplius,</strong></span> <span class='ocrx_word' id='word_1_222' title='bbox 372 2144 419 2186; x_wconf 88' lang='lat' dir='ltr'><strong>nisi</strong></span> <span class='ocrx_word' id='word_1_223' title='bbox 440 2145 499 2185; x_wconf 85' lang='lat' dir='ltr'><strong>ultro</strong></span> <span class='ocrx_word' id='word_1_224' title='bbox 516 2145 577 2185; x_wconf 84' lang='lat' dir='ltr'><strong>adire</strong></span> <span class='ocrx_word' id='word_1_225' title='bbox 597 2144 678 2199; x_wconf 87' lang='lat' dir='ltr'><strong>cupitis</strong></span> <span class='ocrx_word' id='word_1_226' title='bbox 698 2147 799 2190; x_wconf 79' lang='lat' dir='ltr'><strong>exitium.</strong></span> 
     </span>
     <span class='ocr_line' id='line_1_34' title="bbox 105 2201 798 2254; baseline -0.004 -7"><span class='ocrx_word' id='word_1_227' title='bbox 105 2204 174 2247; x_wconf 87' lang='lat' dir='ltr'><strong>Nosti</strong></span> <span class='ocrx_word' id='word_1_228' title='bbox 188 2202 262 2253; x_wconf 88' lang='lat' dir='ltr'><strong>enim,</strong></span> <span class='ocrx_word' id='word_1_229' title='bbox 277 2213 303 2243; x_wconf 88' lang='lat' dir='ltr'><strong>ut</strong></span> <span class='ocrx_word' id='word_1_230' title='bbox 317 2202 343 2242; x_wconf 91' lang='lat' dir='ltr'><strong>in</strong></span> <span class='ocrx_word' id='word_1_231' title='bbox 358 2215 419 2243; x_wconf 87' lang='lat' dir='ltr'><strong>novo</strong></span> <span class='ocrx_word' id='word_1_232' title='bbox 434 2211 577 2251; x_wconf 86' lang='lat' dir='ltr'><strong>testamento,</strong></span> <span class='ocrx_word' id='word_1_233' title='bbox 598 2201 617 2240; x_wconf 84' lang='lat' dir='ltr'><strong>si</strong></span> <span class='ocrx_word' id='word_1_234' title='bbox 634 2213 699 2242; x_wconf 51' lang='lat' dir='ltr'><strong>¹attus</strong></span> <span class='ocrx_word' id='word_1_235' title='bbox 719 2204 798 2254; x_wconf 85' lang='lat' dir='ltr'><strong>demis,</strong></span> 
     </span>
     <span class='ocr_line' id='line_1_35' title="bbox 104 2256 798 2316; baseline 0.001 -15"><span class='ocrx_word' id='word_1_236' title='bbox 104 2260 144 2302; x_wconf 78' lang='lat' dir='ltr'><strong>vix</strong></span> <span class='ocrx_word' id='word_1_237' title='bbox 157 2261 230 2301; x_wconf 87' lang='lat' dir='ltr'><strong>ullum</strong></span> <span class='ocrx_word' id='word_1_238' title='bbox 245 2261 318 2315; x_wconf 85' lang='lat' dir='ltr'><strong>legere</strong></span> <span class='ocrx_word' id='word_1_239' title='bbox 331 2259 422 2314; x_wconf 85' lang='lat' dir='ltr'><strong>possitis</strong></span> <span class='ocrx_word' id='word_1_240' title='bbox 437 2257 575 2313; x_wconf 83' lang='lat' dir='ltr'><strong>capitulum,</strong></span> <span class='ocrx_word' id='word_1_241' title='bbox 597 2256 638 2299; x_wconf 88' lang='lat' dir='ltr'><strong>ubi</strong></span> <span class='ocrx_word' id='word_1_242' title='bbox 657 2274 703 2300; x_wconf 87' lang='lat' dir='ltr'><strong>non</strong></span> <span class='ocrx_word' id='word_1_243' title='bbox 724 2262 798 2316; x_wconf 82' lang='lat' dir='ltr'><strong>plures</strong></span> 
     </span>
     <span class='ocr_line' id='line_1_36' title="bbox 104 2314 799 2371; baseline 0.001 -12"><span class='ocrx_word' id='word_1_244' title='bbox 104 2316 175 2359; x_wconf 87' lang='lat' dir='ltr'><strong>etiam</strong></span> <span class='ocrx_word' id='word_1_245' title='bbox 195 2316 317 2358; x_wconf 84' lang='lat' dir='ltr'><strong>offerantur</strong></span> <span class='ocrx_word' id='word_1_246' title='bbox 335 2315 380 2358; x_wconf 85' lang='lat' dir='ltr'><strong>loci</strong></span> <span class='ocrx_word' id='word_1_247' title='bbox 401 2314 521 2371; x_wconf 85' lang='lat' dir='ltr'><strong>dogmatici</strong></span> <span class='ocrx_word' id='word_1_248' title='bbox 548 2325 613 2371; x_wconf 86' lang='lat' dir='ltr'><strong>atque</strong></span> <span class='ocrx_word' id='word_1_249' title='bbox 632 2319 732 2360; x_wconf 88' lang='lat' dir='ltr'><strong>morales.</strong></span> <span class='ocrx_word' id='word_1_250' title='bbox 772 2321 799 2360; x_wconf 91' lang='lat' dir='ltr'><strong>ln</strong></span> 
     </span>
     <span class='ocr_line' id='line_1_37' title="bbox 104 2372 798 2432; baseline -0.001 -15"><span class='ocrx_word' id='word_1_251' title='bbox 104 2372 242 2417; x_wconf 88' lang='lat' dir='ltr'><strong>Tridentino</strong></span> <span class='ocrx_word' id='word_1_252' title='bbox 269 2382 345 2414; x_wconf 88' lang='lat' dir='ltr'><strong>autem</strong></span> <span class='ocrx_word' id='word_1_253' title='bbox 368 2373 447 2413; x_wconf 86' lang='lat' dir='ltr'><strong>eodem</strong></span> <span class='ocrx_word' id='word_1_254' title='bbox 475 2374 563 2413; x_wconf 87' lang='lat' dir='ltr'><strong>decreto</strong></span> <span class='ocrx_word' id='word_1_255' title='bbox 586 2388 637 2418; x_wconf 84' lang='lat' dir='ltr'><strong>sess.</strong></span> <span class='ocrx_word' id='word_1_256' title='bbox 656 2376 689 2417; x_wconf 77' lang='lat' dir='ltr'><strong>tv.</strong></span> <span class='ocrx_word' id='word_1_257' title='bbox 710 2376 798 2432; x_wconf 84' lang='lat' dir='ltr'><strong>privata</strong></span> 
     </span>
     <span class='ocr_line' id='line_1_38' title="bbox 103 2429 798 2489; baseline 0 -15"><span class='ocrx_word' id='word_1_258' title='bbox 103 2445 196 2489; x_wconf 86' lang='lat' dir='ltr'><strong>quoque</strong></span> <span class='ocrx_word' id='word_1_259' title='bbox 209 2429 278 2473; x_wconf 86' lang='lat' dir='ltr'><strong>vetita</strong></span> <span class='ocrx_word' id='word_1_260' title='bbox 299 2441 331 2472; x_wconf 87' lang='lat' dir='ltr'><strong>est</strong></span> <span class='ocrx_word' id='word_1_261' title='bbox 349 2431 450 2471; x_wconf 86' lang='lat' dir='ltr'><strong>adversus</strong></span> <span class='ocrx_word' id='word_1_262' title='bbox 469 2444 557 2472; x_wconf 87' lang='lat' dir='ltr'><strong>sensum</strong></span> <span class='ocrx_word' id='word_1_263' title='bbox 577 2431 681 2474; x_wconf 86' lang='lat' dir='ltr'><strong>ecclesiae</strong></span> <span class='ocrx_word' id='word_1_264' title='bbox 702 2446 724 2475; x_wconf 92' lang='lat' dir='ltr'><strong>et</strong></span> <span class='ocrx_word' id='word_1_265' title='bbox 744 2447 798 2474; x_wconf 88' lang='lat' dir='ltr'><strong>con-</strong></span> 
     </span>
     <span class='ocr_line' id='line_1_39' title="bbox 102 2487 797 2543; baseline 0 -12"><span class='ocrx_word' id='word_1_266' title='bbox 102 2504 193 2532; x_wconf 82' lang='lat' dir='ltr'><strong>sensum</strong></span> <span class='ocrx_word' id='word_1_267' title='bbox 206 2487 339 2530; x_wconf 87' lang='lat' dir='ltr'><strong>unanimem</strong></span> <span class='ocrx_word' id='word_1_268' title='bbox 353 2496 443 2543; x_wconf 88' lang='lat' dir='ltr'><strong>patrum</strong></span> <span class='ocrx_word' id='word_1_269' title='bbox 462 2487 621 2542; x_wconf 84' lang='lat' dir='ltr'><strong>interpretatio.</strong></span> <span class='ocrx_word' id='word_1_270' title='bbox 658 2490 683 2533; x_wconf 86' lang='lat' dir='ltr'><strong>Id</strong></span> <span class='ocrx_word' id='word_1_271' title='bbox 697 2504 761 2537; x_wconf 86' lang='lat' dir='ltr'><strong>vero,</strong></span> <span class='ocrx_word' id='word_1_272' title='bbox 777 2491 797 2533; x_wconf 86' lang='lat' dir='ltr'><strong>si</strong></span> 
     </span>
     <span class='ocr_line' id='line_1_40' title="bbox 102 2546 796 2603; baseline 0.003 -17"><span class='ocrx_word' id='word_1_273' title='bbox 102 2560 143 2588; x_wconf 84' lang='lat' dir='ltr'><strong>vos</strong></span> <span class='ocrx_word' id='word_1_274' title='bbox 162 2547 245 2595; x_wconf 76' lang='lat' dir='ltr'><strong>audio,</strong></span> <span class='ocrx_word' id='word_1_275' title='bbox 261 2546 322 2587; x_wconf 87' lang='lat' dir='ltr'><strong>idem</strong></span> <span class='ocrx_word' id='word_1_276' title='bbox 340 2558 432 2601; x_wconf 87' lang='lat' dir='ltr'><strong>prorsus</strong></span> <span class='ocrx_word' id='word_1_277' title='bbox 452 2555 529 2597; x_wconf 78' lang='lat' dir='ltr'><strong>sonat,</strong></span> <span class='ocrx_word' id='word_1_278' title='bbox 552 2549 612 2603; x_wconf 84' lang='lat' dir='ltr'><strong>quod</strong></span> <span class='ocrx_word' id='word_1_279' title='bbox 631 2548 733 2603; x_wconf 85' lang='lat' dir='ltr'><strong>superior</strong></span> <span class='ocrx_word' id='word_1_280' title='bbox 756 2548 796 2588; x_wconf 86' lang='lat' dir='ltr'><strong>illa</strong></span> 
     </span>
     <span class='ocr_line' id='line_1_41' title="bbox 101 2600 795 2660; baseline 0.001 -17"><span class='ocrx_word' id='word_1_281' title='bbox 101 2616 182 2646; x_wconf 88' lang='lat' dir='ltr'><strong>norma</strong></span> <span class='ocrx_word' id='word_1_282' title='bbox 196 2610 214 2657; x_wconf 81' lang='lat'><strong>§.</strong></span> <span class='ocrx_word' id='word_1_283' title='bbox 232 2616 281 2651; x_wconf 75' lang='lat'>102.</span> <span class='ocrx_word' id='word_1_284' title='bbox 295 2603 320 2643; x_wconf 91' lang='lat' dir='ltr'><strong>in</strong></span> <span class='ocrx_word' id='word_1_285' title='bbox 336 2603 432 2645; x_wconf 80' lang='lat' dir='ltr'><strong>formula</strong></span> <span class='ocrx_word' id='word_1_286' title='bbox 453 2601 517 2650; x_wconf 85' lang='lat' dir='ltr'><strong>fidei,</strong></span> <span class='ocrx_word' id='word_1_287' title='bbox 537 2619 618 2660; x_wconf 82' lang='lat' dir='ltr'><strong>nempe</strong></span> <span class='ocrx_word' id='word_1_288' title='bbox 639 2607 727 2646; x_wconf 87' lang='lat' dir='ltr'><strong>nullum</strong></span> <span class='ocrx_word' id='word_1_289' title='bbox 740 2600 795 2647; x_wconf 51' lang='lat' dir='ltr'><strong>¹esse</strong></span> 
     </span>
     <span class='ocr_line' id='line_1_42' title="bbox 101 2661 795 2717; baseline 0.004 -15"><span class='ocrx_word' id='word_1_290' title='bbox 101 2663 244 2704; x_wconf 85' lang='lat' dir='ltr'><strong>statuendum</strong></span> <span class='ocrx_word' id='word_1_291' title='bbox 264 2676 367 2713; x_wconf 88' lang='lat' dir='ltr'><strong>sensum,</strong></span> <span class='ocrx_word' id='word_1_292' title='bbox 393 2674 460 2716; x_wconf 88' lang='lat' dir='ltr'><strong>quem</strong></span> <span class='ocrx_word' id='word_1_293' title='bbox 485 2673 531 2700; x_wconf 89' lang='lat' dir='ltr'><strong>non</strong></span> <span class='ocrx_word' id='word_1_294' title='bbox 553 2662 672 2717; x_wconf 80' lang='lat' dir='ltr'><strong>praeiverit</strong></span> <span class='ocrx_word' id='word_1_295' title='bbox 697 2661 795 2715; x_wconf 87' lang='lat' dir='ltr'><strong>eeclesia,</strong></span> 
     </span>
     <span class='ocr_line' id='line_1_43' title="bbox 100 2719 795 2776; baseline 0.004 -18"><span class='ocrx_word' id='word_1_296' title='bbox 100 2726 141 2758; x_wconf 84' lang='lat' dir='ltr'><strong>aut</strong></span> <span class='ocrx_word' id='word_1_297' title='bbox 154 2719 270 2761; x_wconf 88' lang='lat' dir='ltr'><strong>unanimes</strong></span> <span class='ocrx_word' id='word_1_298' title='bbox 286 2729 366 2776; x_wconf 84' lang='lat' dir='ltr'><strong>patres.</strong></span> <span class='ocrx_word' id='word_1_299' title='bbox 395 2719 506 2769; x_wconf 86' lang='lat' dir='ltr'><strong>Obsecro,</strong></span> <span class='ocrx_word' id='word_1_300' title='bbox 522 2719 553 2758; x_wconf 90' lang='lat' dir='ltr'><strong>mi</strong></span> <span class='ocrx_word' id='word_1_301' title='bbox 567 2721 660 2768; x_wconf 88' lang='lat' dir='ltr'><strong>Comes,</strong></span> <span class='ocrx_word' id='word_1_302' title='bbox 673 2735 729 2762; x_wconf 88' lang='lat' dir='ltr'><strong>num</strong></span> <span class='ocrx_word' id='word_1_303' title='bbox 744 2722 795 2761; x_wconf 86' lang='lat' dir='ltr'><strong>hae·</strong></span> 
     </span>
     <span class='ocr_line' id='line_1_44' title="bbox 99 2771 794 2825; baseline 0.004 -9"><span class='ocrx_word' id='word_1_304' title='bbox 99 2771 156 2816; x_wconf 81' lang='lat' dir='ltr'><strong>resis</strong></span> <span class='ocrx_word' id='word_1_305' title='bbox 170 2774 195 2816; x_wconf 88' lang='lat' dir='ltr'><strong>in</strong></span> <span class='ocrx_word' id='word_1_306' title='bbox 211 2779 309 2825; x_wconf 83' lang='lat' dir='ltr'><strong>calamo,</strong></span> <span class='ocrx_word' id='word_1_307' title='bbox 331 2776 356 2817; x_wconf 86' lang='lat' dir='ltr'><strong>in</strong></span> <span class='ocrx_word' id='word_1_308' title='bbox 377 2776 466 2822; x_wconf 87' lang='lat' dir='ltr'><strong>charta,</strong></span> <span class='ocrx_word' id='word_1_309' title='bbox 490 2786 529 2816; x_wconf 85' lang='lat' dir='ltr'><strong>aut</strong></span> <span class='ocrx_word' id='word_1_310' title='bbox 548 2788 669 2819; x_wconf 85' lang='lat' dir='ltr'><strong>atramento</strong></span> <span class='ocrx_word' id='word_1_311' title='bbox 692 2779 740 2820; x_wconf 69' lang='lat' dir='ltr'><strong>est?</strong></span> <span class='ocrx_word' id='word_1_312' title='bbox 759 2777 794 2819; x_wconf 84' lang='lat' dir='ltr'><strong>sin</strong></span> 
     </span>
     <span class='ocr_line' id='line_1_45' title="bbox 97 2830 794 2893; baseline 0.004 -19"><span class='ocrx_word' id='word_1_313' title='bbox 97 2830 188 2883; x_wconf 77' lang='lat' dir='ltr'><strong>minus,</strong></span> <span class='ocrx_word' id='word_1_314' title='bbox 203 2834 295 2890; x_wconf 79' lang='lat' dir='ltr'><strong>perjurii</strong></span> <span class='ocrx_word' id='word_1_315' title='bbox 310 2837 360 2876; x_wconf 87' lang='lat' dir='ltr'><strong>reus</strong></span> <span class='ocrx_word' id='word_1_316' title='bbox 375 2843 420 2883; x_wconf 84' lang='lat' dir='ltr'><strong>est,</strong></span> <span class='ocrx_word' id='word_1_317' title='bbox 436 2832 539 2889; x_wconf 79' lang='lat' dir='ltr'><strong>quisquis</strong></span> <span class='ocrx_word' id='word_1_318' title='bbox 554 2834 621 2877; x_wconf 87' lang='lat' dir='ltr'><strong>etiam</strong></span> <span class='ocrx_word' id='word_1_319' title='bbox 636 2834 742 2893; x_wconf 85' lang='lat' dir='ltr'><strong>privatim</strong></span> <span class='ocrx_word' id='word_1_320' title='bbox 763 2837 794 2877; x_wconf 88' lang='lat' dir='ltr'><strong>le-</strong></span> 
     </span>
    </p>
   </div>
   <div class='ocr_carea' id='block_1_6' title="bbox 0 0 848 3135">
    <p class='ocr_par' dir='ltr' id='par_1_6' title="bbox 0 0 848 3135">
     <span class='ocr_line' id='line_1_46' title="bbox 0 0 848 3135; baseline 0 3"><span class='ocrx_word' id='word_1_321' title='bbox 0 0 848 3135; x_wconf 95' lang='lat' dir='ltr'><strong> </strong></span> 
     </span>
    </p>
   </div>
  </div>
 </body>
</html>
