1686 3135
379 144 539 193 ι’-134*-·

118 269 262 319 similationis
281 265 389 316 latissime
403 278 464 326 patet
480 283 519 325 per
537 274 626 310 omnem
642 276 761 314 naturam,
777 270 811 307 ele

118 334 210 391 plicatio
232 345 321 391 quoque
342 325 442 385 Magistri
463 325 497 368 tui
517 327 597 368 similis
619 337 675 368 esset
699 325 811 380 mysterio,

118 393 200 436 Dicam
224 404 289 448 ergo,
310 386 421 445 quomodo
439 383 644 443 ‘profundissimam
664 385 727 425 illam
745 382 815 424 initio

119 451 214 494 istorum
234 447 330 507 positam
344 442 471 486 hermoniae
485 443 596 499 regulam,
612 453 723 498 quantum
735 456 760 481 ex
775 441 814 480 ad,

121 509 174 551 clitis
189 504 294 561 exemplis
310 502 398 557 assequi
413 501 485 558 potui,
499 500 630 556 intelligam.
652 502 812 553 Docetnempe

121 566 228 623 Magister
243 573 306 603 tuus:
320 560 368 601 Etsi
383 558 475 614 pluralis
491 558 624 600 eminentiae
640 558 692 598 alias
711 553 813 599 adhiberi

122 620 238 665 consuerit
251 621 277 660 cle
293 622 352 665 Deo,
368 616 416 658 eine
431 616 517 658 indicio
537 617 636 671 plurium
654 625 814 672 personarum

121 691 196 721 tarrren
213 678 390 734 quotiescunque
405 677 467 715 Deus
482 674 509 715 de
524 688 546 714 se
561 672 660 730 loquitur
674 672 712 719 ita,
728 681 755 712 ut
765 683 815 733 ver·

121 740 189 780 burn.
210 745 248 776 aut
266 745 392 789 pronomen
410 732 496 787 plurale
511 731 624 782 adhibeat,
639 745 681 773 nec
697 741 770 770 tamen
789 739 816 767 iu

122 792 234 835 sententia
250 805 334 832 nomen
348 788 390 831 Dei
404 787 522 842 (Elohirn)
537 786 621 829 formae
636 788 727 844 pluralis
743 792 816 839 aperte

124 851 154 891 sit
173 852 282 905 positum:
306 847 369 888 toties
394 847 465 902 ipsam
492 860 518 889 ss.
544 845 668 887 trinitatem
693 853 816 901 explessem

122 908 191 949 fuisse
208 905 346 948 censentium
362 902 398 947 sit,

430 1000 448 1048 §-
479 1004 514 1043 se.

547 1053 554 1072 μ

182 1078 263 1125 Nunc,
278 1071 310 1117 mi
326 1079 420 1128 Comes,
435 1075 528 1132 quinam
543 1074 600 1117 mihi
615 1087 681 1130 super
694 1076 737 1116 hac
751 1071 818 1116 subli-

120 1134 157 1176 mi
172 1135 249 1189 regula
263 1133 289 1174 in
304 1133 380 1179 animo
395 1133 485 1176 subnati
500 1133 545 1175 sint
558 1134 671 1188 scrupuli.
692 1133 740 1174 sine
759 1129 821 1170 testi·

124 1194 167 1234 bus
188 1205 296 1246 promam,
330 1194 419 1232 Docent
438 1190 589 1244 grammatici,
610 1190 705 1246 quodvis
725 1190 821 1230 verbum.

125 1249 218 1291 finitum
234 1262 324 1304 poscere
338 1247 504 1289 nominativum
528 1261 666 1303 expressum,
687 1249 723 1287 vel
743 1244 819 1289 subin-

124 1306 251 1347 tellectum:
265 1306 329 1346 docet
344 1319 377 1346 res
392 1304 451 1359 ipsa,
474 1303 639 1345 nominativum
660 1303 757 1346 tribuere
777 1301 820 1342 for-

124 1377 187 1404 mam
201 1365 281 1412 serbo,
297 1370 320 1405 et
340 1375 386 1403 non
404 1361 518 1411 vicissim3
537 1372 564 1402 ut
582 1360 628 1402 nisi
650 1359 739 1416 praevie
755 1358 820 1409 scias,

124 1420 252 1461 unicumne
271 1417 314 1470 sit,
338 1420 373 1460 vel
393 1421 457 1476 plura
475 1419 604 1469 individua,
627 1419 708 1474 quibus
724 1419 819 1459 verbum

126 1481 265 1532 conjungas,
283 1490 363 1532 anceps
383 1477 473 1517 haerere
490 1476 580 1528 debeas,
602 1477 629 1530 ad
649 1476 821 1530 singularemne,

127 1549 156 1574 an
172 1534 199 1588 acl
214 1534 324 1588 pluralem
338 1534 449 1583 inllectas3
463 1546 552 1589 Prorsus
566 1542 592 1573 ut
599 1533 751 1588 praedicatum
759 1531 821 1587 prius

128 1589 248 1645 concipere
270 1601 309 1631 aut
328 1590 448 1632 enunciare
470 1591 497 1630 ele
516 1604 556 1631 suo
571 1591 668 1646 subjecto
684 1604 731 1630 non
750 1599 822 1645 potes.

128 1646 174 1689 nisi
196 1647 271 1702 ipsum
292 1647 355 1702 prius
375 1649 400 1687 in
419 1661 444 1688 ea
464 1647 570 1688 relatione
592 1660 669 1688 noscas
688 1649 822 1699 subjectum.

128 1708 186 1747 Cum
202 1705 278 1761 itaque
293 1718 365 1745 sermo
382 1704 503 1759 scripturae
521 1717 538 1745 s.
559 1704 641 1745 fatente
659 1705 765 1761 Magistro
786 1717 822 1744 us-

128 1776 262 1818 quequaque
277 1763 389 1802 humanus
403 1760 444 1809 sit,
461 1761 501 1802 diu
513 1765 558 1815 jam
573 1760 628 1803 scire
648 1762 737 1809 laboro,
759 1763 822 1803 unde

127 1834 153 1861 ea
168 1832 257 1874 prorsus
272 1819 348 1859 divina
363 1817 460 1859 efficacia
474 1818 504 1860 sit
526 1818 634 1860 sermonis
654 1817 821 1873 seripturarum.

127 1887 155 1916 ut
168 1875 187 1915 si
202 1880 266 1917 Deus
283 1877 310 1916 de
324 1889 347 1916 se
362 1876 466 1931 loquatur
481 1876 548 1917 verbo
569 1885 608 1915 aut
621 1873 762 1930 pronomine·
773 1877 822 1932 plu-

128 1934 182 1984 rali,
199 1931 311 1988 simulque
326 1931 384 1974 adsit
398 1930 499 1985 elohim,
514 1947 596 1974 nomen
619 1933 662 1974 Dei
677 1931 760 1989 pariter
774 1934 823 1988 plu-

127 1990 181 2037 rale,
197 1998 285 2029 tantum
295 1990 354 2031 solus
368 1999 441 2046 pater;
456 1989 475 2030 si
489 2005 541 2032 vero
557 1988 614 2032 absit
629 2004 712 2032 nomen
724 1993 821 2040 Elolzirn,

127 2056 175 2087 rota
191 2044 278 2094 trinitas
293 2047 356 2103 loqui
370 2048 481 2088 censenda
500 2047 542 2097 ait,
562 2061 614 2089 cum
633 2057 708 2088 tamen
728 2046 840 2090 verbum

128 2104 214 2160 plurale
229 2114 306 2159 suapte
322 2104 420 2160 requirat
441 2105 510 2147 ctiam
529 2105 694 2147 nominativum
713 2105 823 2160 pluralem

128 2159 223 2202 tacitum
238 2172 277 2203 aut
291 2162 436 2217 expressum?

187 2216 248 2258 Huic
267 2218 300 2259 rei
316 2231 405 2259 causam
429 2217 585 2274 gravissimam
610 2220 709 2268 subesse,
736 2230 825 2277 propter

128 2272 233 2330 Magistri
257 2273 389 2331 dignitatern
409 2289 454 2316 non
475 2275 568 2326 dubito,
589 2276 617 2317 an
637 2289 750 2320 assecutus
772 2278 826 2328 sim,

129 2334 198 2386 judex
213 2340 267 2373 esto.
297 2331 320 2372 Si
337 2341 360 2372 et
374 2334 468 2374 verbum
483 2343 504 2374 et
522 2332 675 2376 nominativus
696 2335 722 2385 in
742 2336 824 2392 plurali

131 2398 215 2437 essent,
235 2401 282 2429 non
300 2387 353 2428 satis
369 2398 419 2442 apta
434 2388 508 2431 forent
527 2391 680 2446 exprimendae
699 2403 722 2433 et
741 2391 824 2433 unitati

131 2445 240 2487 essentiae
256 2454 278 2486 et
292 2444 416 2500 pluralitati
430 2460 579 2502 personarum.
615 2451 675 2493 Cum
692 2450 780 2506 itaque,
798 2459 825 2490 ut

130 2505 187 2544 bene
203 2502 265 2545 videt
285 2502 393 2558 Magister
411 2512 477 2551 tuus,
490 2505 591 2548 ‘verbum
609 2522 672 2549 suam
696 2508 791 2548 formam
811 2521 825 2548 a

131 2560 273 2602 nominativo
292 2558 400 2616 accipiat,
421 2561 588 2605 nominativum
606 2566 716 2621 pluralem
737 2564 824 2607 excludi

133 2616 237 2672 oportuit.
268 2617 292 2661 Si
307 2619 351 2659 hoc
366 2628 410 2666 est,
426 2618 458 2659 mi
475 2622 566 2669 Comes,
588 2621 717 2678 praefiscine
739 2620 826 2663 dictum

133 2675 168 2724 sit,
184 2675 223 2729 qui
235 2676 292 2717 tanti
307 2675 396 2717 inventi
410 2674 504 2733 gloriam
517 2677 575 2719 mihi
585 2679 698 2721 vindicem
709 2683 824 2732 juramen,

125 2744 212 2792 negare
236 2747 282 2774 non
301 2743 378 2790 potes,
407 2735 432 2775 id
454 2742 502 2777 ease
524 2734 591 2792 longe
612 2735 825 2793 ingeniosissimum,-

132 2796 176 2831 nec
190 2789 217 2830 ab
230 2792 304 2834 seculo
313 2791 448 2836 Hermeniae
462 2806 576 2836 accensam
591 2793 733 2838 consimilem
748 2792 827 2838 faceta.
