1686 3135
327 179 357 191 -·
386 161 430 206 tto
458 173 500 187 “¹

0 277 2 329 ᾗ
54 285 94 326 hic
120 294 192 321 novus
214 279 289 320 Zoilus
309 278 422 335 improbat
447 273 472 318 111
499 273 559 324 aliis,
584 274 610 316 in
635 290 680 332 quo
704 276 754 335 ipsa

54 337 159 402 praeitit
166 335 285 391 erenrplo‘2

115 395 161 451 Qui
175 408 225 449 ergo
242 394 266 432 in
287 393 364 448 paucis
386 392 452 433 lineis
473 401 506 434 tot
526 401 612 432 atroces
630 391 754 433 calumnias

0 452 1 455 ¹
54 452 135 510 legatis
150 438 255 515 Magistri
271 452 318 498 tui,
334 450 377 497 dic,
394 451 477 498 amabo,
492 462 601 504 quorsum
614 447 653 489 hic
668 458 752 500 tantum

55 523 102 553 taut
122 507 248 551 indomitus
270 507 345 548 livor?
366 521 473 562 quorsum
494 514 629 561 perpetuum
644 506 726 545 hocs
707 515 743 546 stu

53 571 117 611 dium
132 565 289 619 corrumpendi
306 574 327 605 et
343 563 509 605 1111111111111119
541 564 608 604 Tune
631 572 696 618 putas
719 561 751 603 vi·

51 642 120 670 rum·
118 625 149 665 ic
167 633 276 675 11χ111111111
281 636 318 662 um
335 624 362 662 ab
379 620 467 668 animo,
484 633 562 676 aptum
578 635 624 662 esse
640 620 669 660 ad
684 633 752 675 qnae·
782 630 783 633 ’

51 686 157 731 rendamr
178 679 313 727 videndam,
336 690 375 720 aut
401 678 523 720 docendam
547 677 680 720 veritatem?
711 677 752 720 Vel

51 739 135 807 quonia
126 754 160 779 m
177 737 200 777 in
217 739 259 777 hoc
276 751 407 778 communes
422 744 475 775 sunt
497 750 571 776 mores
590 733 667 783 115111,
687 745 752 789 puta-

51 799 109 840 tisne
123 798 164 836 hac
180 794 216 835 via
239 793 305 834 fidem
330 793 461 835 catholicam
483 806 522 833 scu
549 793 688 833 asserendam
709 806 750 832 seu

50 852 269 897 commentlandam‘²
301 852 390 907 Opoido
407 848 501 898 falleris,
517 849 549 890 mi
566 855 659 894 Comes:
675 864 751 914 neque

51 912 113 954 enirn
130 912 173 951 hac
188 910 229 951 alia
246 911 326 951 certior
341 910 397 951 ratio
414 917 453 957 est,
469 918 494 947 ut
509 908 569 962 apud
585 921 663 948 omnes
678 918 750 947 111111

49 969 135 1011 visum
151 982 200 1009 eam
215 967 329 1010 adducatis
343 978 365 1008 et
380 966 469 1011 1111111111,
497 979 549 1005 cum
572 979 639 1006 nemo
659 964 694 1012 vel
715 978 750 1006 cs·

49 1024 147 1068 tholicus
163 1024 307 1080 campomis,
327 1024 366 1081 qni
387 1034 442 1063 artes
463 1025 501 1062 has
523 1033 607 1062 vestras
626 1021 751 1077 propudio·

49 1083 147 1126 sissimus
166 1096 213 1124 non
239 1082 323 1124 oderit:
340 1097 391 1134 me,
406 1089 433 1121 ut
451 1081 531 1137 fatear,
553 1079 628 1121 uicem
649 1089 748 1122 vestram

49 1156 90 1198 put
89 1142 127 1184 i.et

46 1296 92 1341 ,De
106 1308 176 1340 seusu
192 1294 317 1340 Ecclesiae
335 1302 358 1338 et
373 1292 492 1337 uirnnimi
510 1306 630 1337 consensu
643 1294 750 1339 Patruus

188 1364 213 1410 111
232 1364 330 1409 concilii
350 1362 486 1407 Tridentini
504 1361 610 1408 decreto-

359 1475 377 1523 §·
407 1479 444 1516 st.

110 1547 201 1590 Tertius
217 1549 255 1591 hic
269 1550 332 1592 locus
348 1553 391 1598 est,
412 1549 451 1606 qui
468 1563 508 1592 vos
522 1564 585 1596 rarae
603 1549 747 1599 eruditionis,

49 1607 101 1650 tid'
72 1610 147 1672 lerque
162 1606 307 1649 intemeratae
323 1608 423 1656 athletas,
438 1608 548 1650 sollicitos
553 1619 633 1662 tenet;
646 1622 684 1664 qu]
679 1607 746 1654 ’11]1,

47 1664 182 1729 pietatisque
203 1665 348 1707 ostentandae
373 1664 536 1719 amplissimum
556 1680 662 1730 campum
680 1664 747 1706 vohis

49 1722 131 1778 aperit,
153 1732 179 1761 ut
197 1723 297 1778 quisquis
317 1737 392 1763 rerum
409 1723 503 1764 istarum
522 1737 569 1763 non
589 1722 641 1764 satis
656 1737 749 1777 gnarus,

48 1795 75 1822 ex
91 1778 156 1821 dictis
171 1780 249 1821 vestris
266 1779 293 1820 de
306 1779 370 1820 robis
385 1790 476 1832 statuat,
492 1779 663 1835 utAugustinus
674 1793 747 1836 quon·

48 1839 100 1879 darn
115 1837 173 1878 det
157 1836 308 1891 Hieronymo,
323 1836 356 1880 sic
371 1837 409 1879 isti
426 1838 453 1878 de
468 1838 534 1879 vobis
557 1836 635 1877 divino
650 1843 746 1878 munere

48 1893 154 1949 eeclesiae
170 1893 234 1942 datis,
249 1895 339 1936 landate
353 1896 448 1937 debeant
458 1894 558 1936 numinis
571 1891 746 1951 providentiam.

47 1957 78 1995 Et
94 1961 153 1992 certe
169 1951 285 2007 permagni
304 1963 378 1993 vestra
398 1952 505 2001 interest,
526 1967 575 1994 eam
597 1965 644 1994 esse
664 1953 692 1992 de
707 1966 747 1992 vo-

47 2009 81 2052 bis
98 2007 230 2072 opinionem
244 2009 374 2072 hominurn,
395 2020 443 2049 ves
441 2024 468 2049 ra
484 2009 613 2053 eruditione
629 2008 719 2050 fidem
711 2022 747 2048 1n-

46 2066 106 2108 victe
122 2080 202 2112 asserl,
215 2065 332 2121 vigilantia
348 2065 449 2116 defendi,
465 2067 563 2106 mascula
578 2065 662 2107 virtute
675 2066 745 2107 malas

47 2123 127 2167 bestias
142 2124 221 2179 procul
237 2123 297 2179 abigi
313 2139 325 2165 a
340 2124 403 2164 cauta
419 2097 529 2164 driminici
543 2120 627 2178 gregis!

105 2183 155 2223 Hoc
176 2191 202 2221 ut
221 2182 382 2246 assequamini,
411 2178 458 2236 ipsa
481 2181 540 2221 fama
557 2180 628 2222 Jnlnro'
647 2181 747 2235 adjuvat·

48 2240 104 2281 dum
119 2253 147 2280 ex
162 2239 226 2280 hoste
239 2237 378 2280 formidabili
393 2237 466 2280 maius
478 2238 611 2303 discrimen,
627 2254 640 2281 e
659 2237 745 2296 magni-

47 2296 128 2338 tudine
149 2294 285 2337 discriminis
306 2295 423 2360 gloriosior
443 2296 537 2338 victoria
557 2305 597 2337 est.
638 2300 663 2338 ln
683 2298 746 2338 hunc

47 2369 98 2411 ergo
116 2352 190 2409 copias
206 2364 288 2395 11511115
304 2352 385 2394 ducitis
400 2368 447 2396 non
469 2368 526 2396 vona
548 2368 587 2409 spe
607 2353 703 2409 gloriae,
724 2354 745 2397 si

48 2414 85 2453 tel
100 2410 166 2454 salvis
183 2411 285 2452 cruribus
300 2420 424 2452 erasissetis
439 2427 451 2454 e
470 2410 568 2476 praelim
590 2410 648 2453 fama
669 2421 745 2453 autem

48 2479 114 2525 atque
129 2468 222 2510 nomine
236 2482 324 2523 prorsus
338 2467 472 2518 immortali,
484 2469 503 2511 si
519 2471 579 2510 hunc
592 2469 704 2527 gigantem
720 2470 746 2512 in

48 2537 145 2567 vestram
165 2539 254 2590 quoqne
281 2524 421 2580 redegissetis
445 2537 581 2583 potestatem.
620 2528 663 2567 Sed
689 2528 746 2584 quid

48 2593 94 2623 tam
111 2584 207 2623 arduum
223 2582 263 2638 sit,
280 2585 340 2638 quod
355 2594 426 2626 restra
442 2584 512 2625 virtus
528 2598 575 2625 non
597 2582 678 2625 efficiat
698 2587 748 2627 sino

47 2640 139 2681 labore?
155 2640 235 2682 Facitis
251 2655 302 2696 ergo
319 2642 379 2697 quod
391 2642 511 2684 hactenus:
526 2642 671 2696 corrumpitis
679 2645 747 2694 oreta,

48 2706 166 2750 vestraque
181 2697 214 2738 illi
230 2708 366 2740 commenta
376 2698 520 2751 subtruditis,
541 2713 611 2756 eoque
633 2700 747 2749 obtinetis.

47 2764 74 2794 ut
88 2752 178 2808 ignarus
194 2756 264 2797 lector
285 2756 411 2797 hominis
406 2772 450 2809 tarn
472 2758 566 2803 miretur
585 2757 747 2800 hebetudinem

49 2821 115 2868 atque
130 2813 272 2864 vecordiam,
288 2824 311 2856 et
325 2813 383 2857 serio
399 2814 486 2858 dubitet
479 2824 534 2862 t,an
549 2829 642 2858 suorum
655 2815 692 2858 ille
708 2815 746 2857 ali
