1686 3135
355 181 514 226 „mi

86 301 181 352 raverit,
201 316 246 360 quo
266 302 390 346 idiotismus
410 301 505 342 illustret
528 315 554 343 ex
569 317 591 344 se
606 304 739 348 sufficientis
754 306 786 348 la·
823 325 824 328 ¹

86 365 156 407 tinae.
192 361 235 403 Dic
258 375 351 418 (Quaeso,
371 358 395 398 in
417 367 478 398 tanta
504 358 617 402 dictorum
642 363 785 413 absurditate,
834 408 839 411 ,

87 436 132 479 qua
148 420 221 462 fronte
237 418 342 474 Magister
357 428 409 458 tuus
426 425 447 456 et
463 415 558 457 seribere
575 421 648 474 palam
663 424 749 476 potuit,
765 430 787 463 et

87 481 162 523 dicere
185 479 251 518 audet
271 474 391 531 quotannis
408 473 559 522 auditor-ibus,
584 489 688 532 cognatas
704 480 787 520 nihilo-

33 549 35 552 ·
86 536 164 581 minus
182 537 285 592 praebere
305 534 394 581 lumen,
416 546 462 574 esse
484 532 563 582 utiles,
583 549 629 576 esse
657 549 787 591 comparan-

87 596 143 638 aas?
225 642 226 646 Ἰ
347 602 350 604 ’
746 615 748 619 ·

146 650 168 694 Si
185 646 230 691 non
247 649 340 690 subdole
355 649 445 695 laudat,
462 646 480 688 si
496 663 542 690 non
558 648 625 692 tacite
646 649 729 697 irridet.
745 665 786 693 cur

87 718 219 766 argumenta
234 707 258 748 in
274 705 410 747 eontrarium
425 705 532 762 protulit,
551 722 592 749 nee
615 720 688 750 tamen
710 708 786 751 dissol-

87 768 138 811 vit?
156 780 196 807 our
212 779 258 806 non
275 764 317 805 alia
333 764 449 805 manifesta
465 764 601 821 maximique
616 779 669 806 usus
686 768 785 821 exempla

87 824 176 872 attulit,
198 837 254 878 quae
270 837 347 863 earum
367 821 483 863 commoda
506 824 689 871 commendarent
709 823 785 866 tironi·
824 870 826 872 ,

87 882 147 926 bus?
177 881 267 936 Palpare
283 884 326 932 jaun
344 878 426 934 possis,
442 877 474 917 mi
498 878 586 927 Comes,
602 895 649 921 non
665 881 784 923 aliudesse

87 942 113 982 in
128 939 164 980 his
179 935 278 980 studium
295 935 407 992 Magistri,
427 949 494 990 quam
511 945 537 974 ut
559 947 704 992 cognatarum
726 953 785 980 mor·

87 999 138 1039 deat
151 1005 271 1052 patronum
286 996 403 1040 dubriam,
420 1002 442 1032 et
457 1002 502 1032 tam
517 993 590 1044 hune,
609 1008 676 1050 quam
697 995 785 1052 linguas

86 1055 157 1111 ipsas,
174 1053 232 1108 apud
249 1052 360 1093 auditores
382 1049 406 1090 in
428 1049 506 1089 odium
529 1050 624 1092 adducat
647 1062 712 1107 atque
732 1068 785 1094 eon-

85 1124 188 1155 temtum.
222 1114 285 1152 Dum
307 1110 332 1149 id
355 1108 467 1156 obtineat,
488 1105 558 1149 ferrea
577 1109 639 1150 frons
654 1122 699 1159 est,
718 1109 785 1152 tlocci

86 1169 154 1220 facit,
171 1166 190 1209 si
209 1167 259 1225 quis
283 1166 384 1223 inspecto
403 1166 496 1216 saltatio,
519 1164 544 1205 in
564 1166 688 1222 manifestis
709 1177 785 1210 teneat

84 1225 222 1275 mendaciis3
248 1239 291 1266 nee
312 1221 529 1265 contradictionibus
556 1225 722 1278 quantumlibet
746 1228 782 1268 ab·

85 1283 158 1329 surdis
175 1282 291 1339 implicare
306 1296 330 1324 se
345 1278 438 1335 refugit.

392 1374 410 1423 ξ.
441 1376 475 1417 39.

144 1452 260 1510 Quorsum
281 1450 384 1499 tandem,
408 1449 441 1491 mi
456 1454 546 1500 Comes,
566 1460 639 1493 vestra
659 1453 714 1494 haee
735 1467 782 1495 eor·

85 1509 206 1567 atrmpendi
228 1521 249 1551 et
267 1506 419 1552 calumniandi
439 1507 537 1563 pravitas
558 1510 653 1550 evadet?
672 1525 782 1565 quaenam

84 1572 177 1614 tandem
192 1566 281 1623 seriptis
297 1565 366 1616 fides,
382 1580 491 1621 quaenam
506 1567 631 1609 auctoribus
647 1568 782 1610 existimatio

85 1628 146 1684 apud
164 1623 267 1665 homines
287 1624 450 1671 remanebunt,
470 1622 489 1662 si
510 1635 582 1664 vestro
606 1626 705 1680 exemplo
728 1629 783 1667 haec

83 1687 168 1729 liceant
182 1679 294 1737 impune?
306 1681 378 1737 Quid
394 1679 461 1721 etiam
477 1680 515 1721 liet
530 1681 674 1724 institutione
684 1683 781 1738 publiea,

84 1744 104 1786 si
127 1755 169 1782 nee
189 1740 335 1782 sacrariorum
356 1737 452 1794 dignitas
474 1748 496 1779 et
520 1739 634 1782 veneratio
657 1740 780 1789 literarum,

82 1814 128 1845 nee
147 1799 220 1838 honor
240 1812 308 1843 suus,
329 1809 372 1837 nec
389 1794 455 1854 vacui
477 1797 585 1852 pravitate
613 1809 683 1839 vestra
709 1798 780 1839 animi

83 1857 197 1904 tironum,
220 1856 247 1897 ad
266 1851 410 1897 veracitatem
429 1854 612 1912 honestatemque
634 1865 700 1897 tuum
719 1869 781 1898 revo-

83 1924 137 1958 eant
151 1912 176 1952 in
192 1914 296 1954 cathedra
312 1909 462 1965 Magistrum?

143 1970 187 2012 Sed
200 1967 257 2010 istoc
271 1967 373 2026 gravius,
388 1965 421 2008 mi
437 1969 524 2011 Comes.
560 1971 610 2011 Non
625 1973 669 2023 jam
685 1969 780 2023 injurias

83 2041 208 2086 conquerar
223 2028 340 2069 doctorum
355 2024 466 2078 virorum,
487 2026 610 2083 dequibus
629 2028 723 2070 inferius
738 2029 780 2070 erit

82 2086 209 2132 uberrimus
224 2099 316 2139 campus
332 2082 432 2132 diceudi;
448 2084 488 2125 sed
501 2086 545 2126 hoc
561 2099 655 2139 quaero,
676 2087 717 2126 ubi
738 2103 779 2142 pu-

82 2147 136 2198 dor,
155 2142 195 2184 ubi
213 2141 327 2189 officium,
348 2139 388 2181 ubi
403 2140 539 2182 conscientia
559 2141 679 2197 Magistri?
714 2144 779 2185 Nosti

81 2202 157 2250 enim,
171 2202 266 2241 obtentu
280 2211 333 2241 usus
348 2197 457 2251 loquendi
472 2196 618 2238 orientalibus
633 2199 718 2255 linguis
728 2216 778 2256 pro.
833 2199 835 2202 ’

80 2260 143 2317 prio.
158 2272 201 2299 nec
215 2270 298 2312 pauca,
313 2268 357 2296 nec
372 2253 430 2295 levia
445 2255 471 2295 ab
488 2253 616 2297 adversariis
632 2268 718 2300 mutata
731 2273 777 2302 esse

80 2319 106 2359 in
128 2315 239 2370 theologia
259 2323 281 2354 et
302 2310 422 2367 religione;
443 2311 504 2367 quod
523 2321 574 2352 tuus
590 2327 679 2370 quoque
696 2316 791 2358 fatetur,

79 2372 187 2431 Magister
202 2382 224 2412 et
239 2370 358 2416 imurobat.
388 2369 422 2409 Ne
437 2368 506 2424 igitur
525 2370 551 2410 ab
571 2368 714 2415 institutione
736 2390 778 2430 pu-

79 2432 139 2473 blica
159 2429 216 2470 utile
236 2425 340 2482 religioni
362 2425 498 2482 praesidium
528 2428 622 2480 abesset3
642 2445 700 2471 neve
719 2432 777 2474 dele·

80 2487 147 2528 ctiori
166 2487 279 2539 juventuti
294 2485 378 2525 deesset
392 2484 479 2526 occasio
496 2482 608 2535 discendi,
625 2490 685 2543 quod
704 2490 775 2531 totius

80 2545 183 2599 Europae
208 2556 317 2585 consensu
344 2543 486 2596 probaretur3
522 2544 569 2584 Rex
596 2543 776 2600 religiosissimus

79 2611 225 2657 cognatarum
247 2601 353 2641 hebraeae
379 2598 506 2655 linguarum
530 2601 658 2642 cathedram
681 2602 705 2655 in
732 2606 776 2648 hoc

80 2671 170 2713 quoque
185 2657 288 2700 instituto
303 2660 347 2709 jam
362 2657 400 2700 Vll
424 2656 506 2699 abhinc
514 2671 572 2698 anno
588 2658 707 2703 liberaliter
722 2677 779 2707 con-.

78 2714 158 2757 stituit.
193 2714 339 2757 Dubitabisne
361 2729 411 2770 ergo
427 2718 454 2754 ad
471 2714 571 2770 tl‘lagistri
588 2716 715 2773 cuiusque,
736 2720 774 2760 cui

76 2771 165 2819 literae,
180 2772 270 2828 religio,
287 2786 425 2825 suorumque
438 2772 550 2827 profectus
567 2772 628 2815 cordi
645 2776 702 2825 sint,
725 2776 773 2817 offi-

75 2829 139 2875 cium
159 2828 280 2887 pertinere,
303 2827 411 2887 principis
433 2828 514 2887 optimi
542 2831 693 2877 sanctissimos
716 2832 772 2879 fines
