<?xml version="1.0" encoding="UTF-8"?>
<!DOCTYPE html PUBLIC "-//W3C//DTD XHTML 1.0 Transitional//EN"
    "http://www.w3.org/TR/xhtml1/DTD/xhtml1-transitional.dtd">
<html xmlns="http://www.w3.org/1999/xhtml" xml:lang="en" lang="en">
 <head>
  <title>
</title>
<meta http-equiv="Content-Type" content="text/html;charset=utf-8" />
  <meta name='ocr-system' content='tesseract 3.04.00' />
  <meta name='ocr-capabilities' content='ocr_page ocr_carea ocr_par ocr_line ocrx_word'/>
</head>
<body>
  <div class='ocr_page' id='page_1' title='image "MN41804ucmf_3_0359.png"; bbox 0 0 1686 3135; ppageno 0'>
   <div class='ocr_carea' id='block_1_1' title="bbox 331 159 490 204">
    <p class='ocr_par' dir='ltr' id='par_1_1' title="bbox 331 159 490 204">
     <span class='ocr_line' id='line_1_1' title="bbox 331 159 490 204; baseline -0.006 0"><span class='ocrx_word' id='word_1_1' title='bbox 331 171 360 190; x_wconf 53' lang='lat'>*-</span> <span class='ocrx_word' id='word_1_2' title='bbox 388 159 436 204; x_wconf 73' lang='lat'>329</span> <span class='ocrx_word' id='word_1_3' title='bbox 461 160 490 192; x_wconf 54' lang='grc' dir='ltr'>-ἑ</span> 
     </span>
    </p>
   </div>
   <div class='ocr_carea' id='block_1_2' title="bbox 56 279 755 460">
    <p class='ocr_par' dir='ltr' id='par_1_2' title="bbox 56 279 755 453">
     <span class='ocr_line' id='line_1_2' title="bbox 56 279 755 343; baseline 0.009 -21"><span class='ocrx_word' id='word_1_4' title='bbox 56 289 154 335; x_wconf 75' lang='lat' dir='ltr'>ergoet</span> <span class='ocrx_word' id='word_1_5' title='bbox 172 279 200 321; x_wconf 84' lang='lat' dir='ltr'>de</span> <span class='ocrx_word' id='word_1_6' title='bbox 218 280 253 322; x_wconf 85' lang='lat' dir='ltr'>his</span> <span class='ocrx_word' id='word_1_7' title='bbox 274 280 373 333; x_wconf 80' lang='lat' dir='ltr'>judicas,</span> <span class='ocrx_word' id='word_1_8' title='bbox 394 295 420 323; x_wconf 88' lang='lat' dir='ltr'>ac</span> <span class='ocrx_word' id='word_1_9' title='bbox 442 282 469 322; x_wconf 89' lang='lat' dir='ltr'>de</span> <span class='ocrx_word' id='word_1_10' title='bbox 490 279 632 343; x_wconf 75' lang='lat' dir='ltr'>grammatica</span> <span class='ocrx_word' id='word_1_11' title='bbox 652 283 755 328; x_wconf 84' lang='lat' dir='ltr'>hebraea.</span> 
     </span>
     <span class='ocr_line' id='line_1_3' title="bbox 60 336 755 393; baseline 0.007 -17"><span class='ocrx_word' id='word_1_12' title='bbox 60 338 126 392; x_wconf 86' lang='lat' dir='ltr'>Quod</span> <span class='ocrx_word' id='word_1_13' title='bbox 147 339 207 380; x_wconf 87' lang='lat' dir='ltr'>enirn</span> <span class='ocrx_word' id='word_1_14' title='bbox 228 341 301 380; x_wconf 80' lang='lat' dir='ltr'>Patres</span> <span class='ocrx_word' id='word_1_15' title='bbox 322 353 399 380; x_wconf 84' lang='lat' dir='ltr'>omnes</span> <span class='ocrx_word' id='word_1_16' title='bbox 420 339 445 378; x_wconf 88' lang='lat' dir='ltr'>in</span> <span class='ocrx_word' id='word_1_17' title='bbox 468 338 553 393; x_wconf 80' lang='lat' dir='ltr'>linguis</span> <span class='ocrx_word' id='word_1_18' title='bbox 569 336 714 381; x_wconf 76' lang='lat' dir='ltr'>orientalibus</span> <span class='ocrx_word' id='word_1_19' title='bbox 731 352 755 386; x_wconf 82' lang='lat' dir='ltr'>et</span> 
     </span>
     <span class='ocr_line' id='line_1_4' title="bbox 58 393 754 460; baseline 0.006 -26"><span class='ocrx_word' id='word_1_20' title='bbox 58 393 209 460; x_wconf 79' lang='lat' dir='ltr'>archaeologia</span> <span class='ocrx_word' id='word_1_21' title='bbox 225 399 293 451; x_wconf 81' lang='lat' dir='ltr'>probe</span> <span class='ocrx_word' id='word_1_22' title='bbox 307 398 389 438; x_wconf 79' lang='lat' dir='ltr'>terfiati</span> <span class='ocrx_word' id='word_1_23' title='bbox 398 395 488 443; x_wconf 84' lang='lat' dir='ltr'>fuerint,</span> <span class='ocrx_word' id='word_1_24' title='bbox 505 406 530 434; x_wconf 91' lang='lat' dir='ltr'>tu</span> <span class='ocrx_word' id='word_1_25' title='bbox 538 409 597 435; x_wconf 82' lang='lat' dir='ltr'>unus</span> <span class='ocrx_word' id='word_1_26' title='bbox 608 394 677 436; x_wconf 88' lang='lat' dir='ltr'>nosti:</span> <span class='ocrx_word' id='word_1_27' title='bbox 694 401 754 453; x_wconf 87' lang='lat' dir='ltr'>quod</span> 
     </span>
    </p>
   </div>
   <div class='ocr_carea' id='block_1_3' title="bbox 54 452 776 2117">
    <p class='ocr_par' dir='ltr' id='par_1_3' title="bbox 54 452 776 1193">
     <span class='ocr_line' id='line_1_5' title="bbox 57 452 752 509; baseline 0.007 -19"><span class='ocrx_word' id='word_1_28' title='bbox 57 465 110 491; x_wconf 89' lang='lat' dir='ltr'>vero</span> <span class='ocrx_word' id='word_1_29' title='bbox 126 467 151 494; x_wconf 83' lang='lat'>111</span> <span class='ocrx_word' id='word_1_30' title='bbox 163 456 336 495; x_wconf 88' lang='lat' dir='ltr'>commentando</span> <span class='ocrx_word' id='word_1_31' title='bbox 352 467 401 493; x_wconf 85' lang='lat' dir='ltr'>raro</span> <span class='ocrx_word' id='word_1_32' title='bbox 417 452 564 497; x_wconf 76' lang='lat' dir='ltr'>consentiant</span> <span class='ocrx_word' id='word_1_33' title='bbox 580 462 605 491; x_wconf 86' lang='lat' dir='ltr'>tu</span> <span class='ocrx_word' id='word_1_34' title='bbox 622 454 752 509; x_wconf 55' lang='grc'>0550511550-</span> 
     </span>
     <span class='ocr_line' id='line_1_6' title="bbox 56 508 754 575; baseline -0.006 -26"><span class='ocrx_word' id='word_1_35' title='bbox 56 522 98 553; x_wconf 82' lang='lat' dir='ltr'>ras.</span> <span class='ocrx_word' id='word_1_36' title='bbox 130 512 172 552; x_wconf 69' lang='lat' dir='ltr'>sert</span> <span class='ocrx_word' id='word_1_37' title='bbox 187 514 232 553; x_wconf 87' lang='lat' dir='ltr'>sint</span> <span class='ocrx_word' id='word_1_38' title='bbox 247 524 334 566; x_wconf 78' lang='lat' dir='ltr'><strong>semper</strong></span> <span class='ocrx_word' id='word_1_39' title='bbox 348 512 481 560; x_wconf 84' lang='lat' dir='ltr'>concordes;</span> <span class='ocrx_word' id='word_1_40' title='bbox 497 508 542 548; x_wconf 87' lang='lat' dir='ltr'>sint</span> <span class='ocrx_word' id='word_1_41' title='bbox 556 525 678 575; x_wconf 72' lang='lat' dir='ltr'>supremum</span> <span class='ocrx_word' id='word_1_42' title='bbox 693 516 754 565; x_wconf 78' lang='lat' dir='ltr'>prin.</span> 
     </span>
     <span class='ocr_line' id='line_1_7' title="bbox 56 567 754 631; baseline 0.004 -25"><span class='ocrx_word' id='word_1_43' title='bbox 56 569 136 620; x_wconf 74' lang='lat' dir='ltr'>cipinm</span> <span class='ocrx_word' id='word_1_44' title='bbox 153 568 291 615; x_wconf 68' lang='lat' dir='ltr'>hermenias</span> <span class='ocrx_word' id='word_1_45' title='bbox 311 567 646 631; x_wconf 51' lang='grc'>050551111511500555501515</span> <span class='ocrx_word' id='word_1_46' title='bbox 664 570 754 613; x_wconf 82' lang='lat' dir='ltr'>menda·</span> 
     </span>
     <span class='ocr_line' id='line_1_8' title="bbox 56 623 776 681; baseline 0.003 -16"><span class='ocrx_word' id='word_1_47' title='bbox 56 623 112 665; x_wconf 87' lang='lat' dir='ltr'>citer</span> <span class='ocrx_word' id='word_1_48' title='bbox 131 627 227 681; x_wconf 76' lang='lat' dir='ltr'>pollicer</span> <span class='ocrx_word' id='word_1_49' title='bbox 231 634 263 671; x_wconf 79' lang='lat' dir='ltr'>te,</span> <span class='ocrx_word' id='word_1_50' title='bbox 285 639 308 664; x_wconf 86' lang='lat' dir='ltr'>se</span> <span class='ocrx_word' id='word_1_51' title='bbox 328 639 452 679; x_wconf 84' lang='lat' dir='ltr'>nunquam</span> <span class='ocrx_word' id='word_1_52' title='bbox 465 638 510 666; x_wconf 83' lang='lat' dir='ltr'>nrst</span> <span class='ocrx_word' id='word_1_53' title='bbox 530 637 556 664; x_wconf 79' lang='lat' dir='ltr'>ex</span> <span class='ocrx_word' id='word_1_54' title='bbox 580 623 684 666; x_wconf 82' lang='lat' dir='ltr'>unanimi</span> <span class='ocrx_word' id='word_1_55' title='bbox 701 640 754 667; x_wconf 88' lang='lat' dir='ltr'>con·</span> <span class='ocrx_word' id='word_1_56' title='bbox 775 672 776 676; x_wconf 11' lang='grc' dir='ltr'><strong>Ἰ</strong></span> 
     </span>
     <span class='ocr_line' id='line_1_9' title="bbox 56 681 753 736; baseline 0.001 -14"><span class='ocrx_word' id='word_1_57' title='bbox 56 695 122 724; x_wconf 83' lang='lat' dir='ltr'>sensu</span> <span class='ocrx_word' id='word_1_58' title='bbox 138 684 336 734; x_wconf 81' lang='lat' dir='ltr'>interpretaturum</span> <span class='ocrx_word' id='word_1_59' title='bbox 352 681 418 736; x_wconf 77' lang='lat' dir='ltr'>script</span> <span class='ocrx_word' id='word_1_60' title='bbox 420 687 503 733; x_wconf 81' lang='grc'>05551,</span> <span class='ocrx_word' id='word_1_61' title='bbox 518 693 753 736; x_wconf 68' lang='grc'>105-7.;«0005550</span> 
     </span>
     <span class='ocr_line' id='line_1_10' title="bbox 56 738 751 795; baseline 0.004 -17"><span class='ocrx_word' id='word_1_62' title='bbox 56 738 84 779; x_wconf 89' lang='lat' dir='ltr'>do</span> <span class='ocrx_word' id='word_1_63' title='bbox 114 754 162 795; x_wconf 75' lang='lat' dir='ltr'>pao.</span> <span class='ocrx_word' id='word_1_64' title='bbox 186 748 233 783; x_wconf 62' lang='grc'>517.</span> <span class='ocrx_word' id='word_1_65' title='bbox 258 749 309 793; x_wconf 76' lang='lat' dir='ltr'>post</span> <span class='ocrx_word' id='word_1_66' title='bbox 329 738 369 779; x_wconf 84' lang='lat' dir='ltr'>ista</span> <span class='ocrx_word' id='word_1_67' title='bbox 391 740 488 780; x_wconf 76' lang='lat' dir='ltr'>scribere</span> <span class='ocrx_word' id='word_1_68' title='bbox 509 738 614 793; x_wconf 76' lang='lat' dir='ltr'>potuisti:</span> <span class='ocrx_word' id='word_1_69' title='bbox 648 740 751 788; x_wconf 78' lang='lat' dir='ltr'>„Nostris</span> 
     </span>
     <span class='ocr_line' id='line_1_11' title="bbox 55 795 753 851; baseline 0.007 -17"><span class='ocrx_word' id='word_1_70' title='bbox 55 796 216 850; x_wconf 72' lang='lat' dir='ltr'>professoribus</span> <span class='ocrx_word' id='word_1_71' title='bbox 237 810 283 835; x_wconf 86' lang='grc'>5505</span> <span class='ocrx_word' id='word_1_72' title='bbox 304 795 378 837; x_wconf 85' lang='lat' dir='ltr'>arrisit</span> <span class='ocrx_word' id='word_1_73' title='bbox 396 796 475 838; x_wconf 82' lang='lat' dir='ltr'>illam</span> <span class='ocrx_word' id='word_1_74' title='bbox 496 795 630 851; x_wconf 87' lang='lat' dir='ltr'>disputando</span> <span class='ocrx_word' id='word_1_75' title='bbox 650 808 753 839; x_wconf 82' lang='lat' dir='ltr'>veterum</span> 
     </span>
     <span class='ocr_line' id='line_1_12' title="bbox 55 852 751 917; baseline 0.004 -23"><span class='ocrx_word' id='word_1_76' title='bbox 55 854 149 894; x_wconf 79' lang='lat' dir='ltr'>Parrum</span> <span class='ocrx_word' id='word_1_77' title='bbox 166 853 288 901; x_wconf 83' lang='lat' dir='ltr'>modestia,</span> <span class='ocrx_word' id='word_1_78' title='bbox 304 852 343 910; x_wconf 88' lang='lat' dir='ltr'>qui</span> <span class='ocrx_word' id='word_1_79' title='bbox 359 867 410 894; x_wconf 83' lang='lat' dir='ltr'>curn</span> <span class='ocrx_word' id='word_1_80' title='bbox 426 856 565 917; x_wconf 76' lang='lat' dir='ltr'>abundarent</span> <span class='ocrx_word' id='word_1_81' title='bbox 583 852 652 895; x_wconf 89' lang='lat' dir='ltr'>doct</span> <span class='ocrx_word' id='word_1_82' title='bbox 627 865 696 896; x_wconf 79' lang='lat' dir='ltr'>trinae</span> <span class='ocrx_word' id='word_1_83' title='bbox 716 870 751 897; x_wconf 89' lang='grc'>00-</span> 
     </span>
     <span class='ocr_line' id='line_1_13' title="bbox 55 909 751 973; baseline 0.007 -24"><span class='ocrx_word' id='word_1_84' title='bbox 55 909 93 973; x_wconf 79' lang='lat' dir='ltr'>pia</span> <span class='ocrx_word' id='word_1_85' title='bbox 119 915 160 951; x_wconf 72' lang='lat' dir='ltr'>vix</span> <span class='ocrx_word' id='word_1_86' title='bbox 181 922 255 951; x_wconf 79' lang='grc'>55155011</span> <span class='ocrx_word' id='word_1_87' title='bbox 275 927 369 967; x_wconf 78' lang='lat' dir='ltr'>unquam</span> <span class='ocrx_word' id='word_1_88' title='bbox 391 913 417 951; x_wconf 92' lang='lat' dir='ltr'>de</span> <span class='ocrx_word' id='word_1_89' title='bbox 438 914 516 957; x_wconf 86' lang='lat' dir='ltr'>rebus,</span> <span class='ocrx_word' id='word_1_90' title='bbox 539 910 564 949; x_wconf 92' lang='lat' dir='ltr'>in</span> <span class='ocrx_word' id='word_1_91' title='bbox 580 912 660 965; x_wconf 85' lang='lat' dir='ltr'>quibus</span> <span class='ocrx_word' id='word_1_92' title='bbox 676 909 751 968; x_wconf 80' lang='lat' dir='ltr'>aliqua</span> 
     </span>
     <span class='ocr_line' id='line_1_14' title="bbox 55 964 752 1033; baseline 0.003 -25"><span class='ocrx_word' id='word_1_93' title='bbox 55 964 114 1009; x_wconf 88' lang='lat' dir='ltr'>inest</span> <span class='ocrx_word' id='word_1_94' title='bbox 131 972 264 1016; x_wconf 78' lang='lat' dir='ltr'>obscuritas,</span> <span class='ocrx_word' id='word_1_95' title='bbox 287 979 450 1010; x_wconf 69' lang='lat' dir='ltr'>asseveranter</span> <span class='ocrx_word' id='word_1_96' title='bbox 455 980 477 1009; x_wconf 82' lang='lat' dir='ltr'>er</span> <span class='ocrx_word' id='word_1_97' title='bbox 494 964 647 1030; x_wconf 68' lang='lat' dir='ltr'>affirmatius</span> <span class='ocrx_word' id='word_1_98' title='bbox 653 984 752 1033; x_wconf 82' lang='lat' dir='ltr'>pronun·</span> 
     </span>
     <span class='ocr_line' id='line_1_15' title="bbox 55 1023 750 1092; baseline 0.003 -29"><span class='ocrx_word' id='word_1_99' title='bbox 55 1023 157 1067; x_wconf 74' lang='lat' dir='ltr'>tiabant?</span> <span class='ocrx_word' id='word_1_100' title='bbox 188 1024 292 1080; x_wconf 84' lang='lat' dir='ltr'>Loqueris</span> <span class='ocrx_word' id='word_1_101' title='bbox 308 1037 383 1067; x_wconf 88' lang='lat' dir='ltr'>autem</span> <span class='ocrx_word' id='word_1_102' title='bbox 398 1026 424 1065; x_wconf 89' lang='lat' dir='ltr'>de</span> <span class='ocrx_word' id='word_1_103' title='bbox 439 1028 503 1066; x_wconf 86' lang='lat' dir='ltr'>rebus</span> <span class='ocrx_word' id='word_1_104' title='bbox 518 1024 583 1071; x_wconf 84' lang='lat' dir='ltr'>fider,</span> <span class='ocrx_word' id='word_1_105' title='bbox 610 1023 750 1092; x_wconf 61' lang='grc'>(1010155051-</span> 
     </span>
     <span class='ocr_line' id='line_1_16' title="bbox 54 1081 751 1137; baseline 0.001 -16"><span class='ocrx_word' id='word_1_106' title='bbox 54 1095 91 1125; x_wconf 86' lang='lat' dir='ltr'>me</span> <span class='ocrx_word' id='word_1_107' title='bbox 107 1082 251 1137; x_wconf 78' lang='lat' dir='ltr'>praemisisti,</span> <span class='ocrx_word' id='word_1_108' title='bbox 274 1097 313 1136; x_wconf 90' lang='lat' dir='ltr'>pro</span> <span class='ocrx_word' id='word_1_109' title='bbox 328 1083 409 1122; x_wconf 84' lang='lat' dir='ltr'>talibus</span> <span class='ocrx_word' id='word_1_110' title='bbox 426 1081 526 1123; x_wconf 78' lang='lat' dir='ltr'><strong>obscuris</strong></span> <span class='ocrx_word' id='word_1_111' title='bbox 542 1081 679 1122; x_wconf 78' lang='lat' dir='ltr'>illustrandis</span> <span class='ocrx_word' id='word_1_112' title='bbox 695 1085 751 1122; x_wconf 82' lang='grc'>55100</span> 
     </span>
     <span class='ocr_line' id='line_1_17' title="bbox 56 1142 329 1193; baseline 0 -14"><span class='ocrx_word' id='word_1_113' title='bbox 56 1142 194 1186; x_wconf 70' lang='grc'>55555155555050</span> <span class='ocrx_word' id='word_1_114' title='bbox 207 1153 254 1179; x_wconf 77' lang='lat' dir='ltr'>esse</span> <span class='ocrx_word' id='word_1_115' title='bbox 268 1153 329 1193; x_wconf 86' lang='lat' dir='ltr'>opus,</span> 
     </span>
    </p>

    <p class='ocr_par' dir='ltr' id='par_1_4' title="bbox 54 1195 751 2117">
     <span class='ocr_line' id='line_1_18' title="bbox 114 1195 751 1260; baseline 0 -23"><span class='ocrx_word' id='word_1_116' title='bbox 114 1198 158 1237; x_wconf 87' lang='grc'>050</span> <span class='ocrx_word' id='word_1_117' title='bbox 175 1208 207 1244; x_wconf 88' lang='grc'>50,</span> <span class='ocrx_word' id='word_1_118' title='bbox 223 1196 267 1236; x_wconf 87' lang='lat' dir='ltr'>mi</span> <span class='ocrx_word' id='word_1_119' title='bbox 277 1207 362 1260; x_wconf 80' lang='lat' dir='ltr'>tomes,</span> <span class='ocrx_word' id='word_1_120' title='bbox 379 1196 464 1237; x_wconf 81' lang='lat' dir='ltr'>inverte</span> <span class='ocrx_word' id='word_1_121' title='bbox 480 1195 613 1242; x_wconf 81' lang='lat' dir='ltr'>manticam,</span> <span class='ocrx_word' id='word_1_122' title='bbox 629 1204 651 1234; x_wconf 83' lang='lat' dir='ltr'>et</span> <span class='ocrx_word' id='word_1_123' title='bbox 666 1198 693 1237; x_wconf 88' lang='lat' dir='ltr'>ab</span> <span class='ocrx_word' id='word_1_124' title='bbox 709 1206 751 1237; x_wconf 84' lang='grc'>105·-</span> 
     </span>
     <span class='ocr_line' id='line_1_19' title="bbox 55 1253 751 1313; baseline 0 -18"><span class='ocrx_word' id='word_1_125' title='bbox 55 1267 84 1313; x_wconf 83' lang='lat' dir='ltr'>go</span> <span class='ocrx_word' id='word_1_126' title='bbox 106 1265 235 1300; x_wconf 73' lang='lat' dir='ltr'>retractam,</span> <span class='ocrx_word' id='word_1_127' title='bbox 257 1252 341 1308; x_wconf 79' lang='lat' dir='ltr'>pectori</span> <span class='ocrx_word' id='word_1_128' title='bbox 363 1253 467 1308; x_wconf 85' lang='lat' dir='ltr'>impone,</span> <span class='ocrx_word' id='word_1_129' title='bbox 487 1265 512 1293; x_wconf 89' lang='lat' dir='ltr'>ut</span> <span class='ocrx_word' id='word_1_130' title='bbox 532 1253 656 1308; x_wconf 74' lang='lat' dir='ltr'>intelligas,</span> <span class='ocrx_word' id='word_1_131' title='bbox 678 1268 705 1294; x_wconf 86' lang='lat' dir='ltr'>an</span> <span class='ocrx_word' id='word_1_132' title='bbox 727 1255 751 1295; x_wconf 89' lang='lat' dir='ltr'>id</span> 
     </span>
     <span class='ocr_line' id='line_1_20' title="bbox 54 1310 750 1377; baseline 0.003 -25"><span class='ocrx_word' id='word_1_133' title='bbox 54 1311 123 1353; x_wconf 76' lang='lat' dir='ltr'>fuerit</span> <span class='ocrx_word' id='word_1_134' title='bbox 144 1312 263 1351; x_wconf 74' lang='lat' dir='ltr'>modestiae</span> <span class='ocrx_word' id='word_1_135' title='bbox 283 1324 320 1350; x_wconf 85' lang='lat' dir='ltr'>aut</span> <span class='ocrx_word' id='word_1_136' title='bbox 342 1310 489 1365; x_wconf 70' lang='lat' dir='ltr'>prudentiae,</span> <span class='ocrx_word' id='word_1_137' title='bbox 507 1311 604 1350; x_wconf 83' lang='lat' dir='ltr'>illustres</span> <span class='ocrx_word' id='word_1_138' title='bbox 630 1311 750 1377; x_wconf 80' lang='lat' dir='ltr'>catholicos</span> 
     </span>
     <span class='ocr_line' id='line_1_21' title="bbox 55 1368 750 1430; baseline 0.001 -21"><span class='ocrx_word' id='word_1_139' title='bbox 55 1370 182 1424; x_wconf 80' lang='lat' dir='ltr'>scriptores</span> <span class='ocrx_word' id='word_1_140' title='bbox 199 1367 253 1422; x_wconf 88' lang='lat' dir='ltr'>quin</span> <span class='ocrx_word' id='word_1_141' title='bbox 272 1368 509 1422; x_wconf 82' lang='lat' dir='ltr'>praeterscholasticas</span> <span class='ocrx_word' id='word_1_142' title='bbox 526 1381 608 1430; x_wconf 83' lang='lat' dir='ltr'>nugas,</span> <span class='ocrx_word' id='word_1_143' title='bbox 628 1378 666 1407; x_wconf 85' lang='lat' dir='ltr'>aut</span> <span class='ocrx_word' id='word_1_144' title='bbox 683 1368 750 1410; x_wconf 84' lang='lat' dir='ltr'>insci-</span> 
     </span>
     <span class='ocr_line' id='line_1_22' title="bbox 56 1423 748 1492; baseline 0 -26"><span class='ocrx_word' id='word_1_145' title='bbox 56 1426 100 1466; x_wconf 85' lang='lat' dir='ltr'>tiae</span> <span class='ocrx_word' id='word_1_146' title='bbox 117 1428 262 1471; x_wconf 84' lang='lat' dir='ltr'>documenta,</span> <span class='ocrx_word' id='word_1_147' title='bbox 282 1425 404 1488; x_wconf 80' lang='lat' dir='ltr'>quidquam</span> <span class='ocrx_word' id='word_1_148' title='bbox 424 1438 475 1465; x_wconf 86' lang='lat' dir='ltr'>cum</span> <span class='ocrx_word' id='word_1_149' title='bbox 498 1423 603 1479; x_wconf 83' lang='lat' dir='ltr'>Magistro</span> <span class='ocrx_word' id='word_1_150' title='bbox 623 1425 748 1492; x_wconf 86' lang='lat' dir='ltr'>protuleris,</span> 
     </span>
     <span class='ocr_line' id='line_1_23' title="bbox 56 1481 749 1546; baseline 0.003 -24"><span class='ocrx_word' id='word_1_151' title='bbox 56 1483 158 1546; x_wconf 86' lang='lat' dir='ltr'>proditae</span> <span class='ocrx_word' id='word_1_152' title='bbox 173 1481 286 1536; x_wconf 74' lang='lat' dir='ltr'>relivionis</span> <span class='ocrx_word' id='word_1_153' title='bbox 303 1482 398 1521; x_wconf 86' lang='lat' dir='ltr'>crimine</span> <span class='ocrx_word' id='word_1_154' title='bbox 413 1483 485 1536; x_wconf 84' lang='lat' dir='ltr'>postul</span> <span class='ocrx_word' id='word_1_155' title='bbox 478 1481 539 1522; x_wconf 74' lang='lat' dir='ltr'>lare?</span> <span class='ocrx_word' id='word_1_156' title='bbox 558 1482 631 1545; x_wconf 80' lang='lat' dir='ltr'>Quam</span> <span class='ocrx_word' id='word_1_157' title='bbox 647 1483 709 1523; x_wconf 89' lang='lat' dir='ltr'>enirn</span> <span class='ocrx_word' id='word_1_158' title='bbox 724 1485 749 1531; x_wconf 89' lang='lat' dir='ltr'>in</span> 
     </span>
     <span class='ocr_line' id='line_1_24' title="bbox 56 1536 751 1594; baseline 0.003 -14"><span class='ocrx_word' id='word_1_159' title='bbox 56 1538 188 1594; x_wconf 81' lang='lat' dir='ltr'>disciplinae</span> <span class='ocrx_word' id='word_1_160' title='bbox 211 1538 277 1579; x_wconf 84' lang='grc'>150105</span> <span class='ocrx_word' id='word_1_161' title='bbox 299 1536 413 1580; x_wconf 86' lang='lat' dir='ltr'>elementis</span> <span class='ocrx_word' id='word_1_162' title='bbox 435 1538 565 1594; x_wconf 84' lang='lat' dir='ltr'>peregrinus</span> <span class='ocrx_word' id='word_1_163' title='bbox 585 1539 627 1591; x_wconf 86' lang='grc'>515,</span> <span class='ocrx_word' id='word_1_164' title='bbox 649 1554 751 1594; x_wconf 87' lang='lat' dir='ltr'>praesens</span> 
     </span>
     <span class='ocr_line' id='line_1_25' title="bbox 55 1596 751 1661; baseline 0.003 -25"><span class='ocrx_word' id='word_1_165' title='bbox 55 1611 145 1652; x_wconf 85' lang='lat' dir='ltr'>quoque</span> <span class='ocrx_word' id='word_1_166' title='bbox 160 1598 224 1638; x_wconf 87' lang='lat' dir='ltr'>docet</span> <span class='ocrx_word' id='word_1_167' title='bbox 240 1598 372 1651; x_wconf 82' lang='lat' dir='ltr'>exemplum</span> <span class='ocrx_word' id='word_1_168' title='bbox 408 1597 528 1661; x_wconf 77' lang='lat' dir='ltr'>Quomodo</span> <span class='ocrx_word' id='word_1_169' title='bbox 547 1596 751 1644; x_wconf 79' lang='grc' dir='ltr'>0551515Ρ51505,15-</span> 
     </span>
     <span class='ocr_line' id='line_1_26' title="bbox 54 1648 750 1709; baseline 0 -15"><span class='ocrx_word' id='word_1_170' title='bbox 54 1666 90 1695; x_wconf 72' lang='lat' dir='ltr'>Cel]</span> <span class='ocrx_word' id='word_1_171' title='bbox 104 1669 187 1706; x_wconf 59' lang='lat' dir='ltr'>Semper</span> <span class='ocrx_word' id='word_1_172' title='bbox 202 1656 329 1704; x_wconf 79' lang='lat' dir='ltr'>concordet,</span> <span class='ocrx_word' id='word_1_173' title='bbox 344 1664 369 1692; x_wconf 79' lang='grc'>111</span> <span class='ocrx_word' id='word_1_174' title='bbox 383 1654 486 1701; x_wconf 68' lang='grc'>5011111135,</span> <span class='ocrx_word' id='word_1_175' title='bbox 502 1669 628 1707; x_wconf 62' lang='lat' dir='ltr'>supremum</span> <span class='ocrx_word' id='word_1_176' title='bbox 643 1648 750 1709; x_wconf 73' lang='grc' dir='ltr'>1111ΕΥΡΓΘ-</span> 
     </span>
     <span class='ocr_line' id='line_1_27' title="bbox 55 1709 749 1776; baseline 0.001 -25"><span class='ocrx_word' id='word_1_177' title='bbox 55 1710 119 1752; x_wconf 85' lang='lat' dir='ltr'>tandi</span> <span class='ocrx_word' id='word_1_178' title='bbox 135 1713 267 1766; x_wconf 75' lang='lat' dir='ltr'>principium</span> <span class='ocrx_word' id='word_1_179' title='bbox 284 1709 340 1760; x_wconf 86' lang='lat' dir='ltr'>sint,</span> <span class='ocrx_word' id='word_1_180' title='bbox 355 1721 394 1762; x_wconf 86' lang='lat' dir='ltr'>aut</span> <span class='ocrx_word' id='word_1_181' title='bbox 409 1711 503 1773; x_wconf 80' lang='lat' dir='ltr'>exegeris</span> <span class='ocrx_word' id='word_1_182' title='bbox 519 1709 559 1750; x_wconf 92' lang='lat' dir='ltr'>ulli</span> <span class='ocrx_word' id='word_1_183' title='bbox 573 1712 638 1759; x_wconf 88' lang='lat' dir='ltr'>usui,</span> <span class='ocrx_word' id='word_1_184' title='bbox 659 1714 749 1776; x_wconf 62' lang='grc'>5155555510</span> 
     </span>
     <span class='ocr_line' id='line_1_28' title="bbox 55 1767 749 1821; baseline 0.001 -12"><span class='ocrx_word' id='word_1_185' title='bbox 55 1767 80 1817; x_wconf 87' lang='lat' dir='ltr'>in</span> <span class='ocrx_word' id='word_1_186' title='bbox 95 1769 158 1810; x_wconf 90' lang='lat' dir='ltr'>omni</span> <span class='ocrx_word' id='word_1_187' title='bbox 174 1767 307 1809; x_wconf 86' lang='lat' dir='ltr'>eruditionis</span> <span class='ocrx_word' id='word_1_188' title='bbox 328 1767 392 1821; x_wconf 85' lang='lat' dir='ltr'>copia</span> <span class='ocrx_word' id='word_1_189' title='bbox 412 1767 443 1806; x_wconf 83' lang='lat' dir='ltr'>ita</span> <span class='ocrx_word' id='word_1_190' title='bbox 465 1767 560 1807; x_wconf 86' lang='lat' dir='ltr'>modesti</span> <span class='ocrx_word' id='word_1_191' title='bbox 578 1778 644 1815; x_wconf 90' lang='lat' dir='ltr'>sunt,</span> <span class='ocrx_word' id='word_1_192' title='bbox 665 1778 691 1807; x_wconf 87' lang='lat' dir='ltr'>ut</span> <span class='ocrx_word' id='word_1_193' title='bbox 710 1770 749 1811; x_wconf 78' lang='lat' dir='ltr'>vix</span> 
     </span>
     <span class='ocr_line' id='line_1_29' title="bbox 55 1820 750 1890; baseline 0 -24"><span class='ocrx_word' id='word_1_194' title='bbox 55 1842 150 1881; x_wconf 82' lang='lat' dir='ltr'>unquam</span> <span class='ocrx_word' id='word_1_195' title='bbox 164 1836 316 1867; x_wconf 75' lang='lat' dir='ltr'>asseveranter</span> <span class='ocrx_word' id='word_1_196' title='bbox 327 1834 348 1864; x_wconf 80' lang='grc'>01</span> <span class='ocrx_word' id='word_1_197' title='bbox 367 1820 505 1890; x_wconf 55' lang='lat' dir='ltr'>affitrrtzative</span> <span class='ocrx_word' id='word_1_198' title='bbox 516 1827 676 1879; x_wconf 75' lang='lat' dir='ltr'>pronuntient?</span> <span class='ocrx_word' id='word_1_199' title='bbox 707 1829 750 1871; x_wconf 67' lang='lat' dir='ltr'>Ta,</span> 
     </span>
     <span class='ocr_line' id='line_1_30' title="bbox 54 1882 751 1947; baseline 0.001 -22"><span class='ocrx_word' id='word_1_200' title='bbox 54 1884 114 1926; x_wconf 86' lang='lat' dir='ltr'>libus</span> <span class='ocrx_word' id='word_1_201' title='bbox 130 1884 188 1925; x_wconf 84' lang='lat' dir='ltr'>enim</span> <span class='ocrx_word' id='word_1_202' title='bbox 203 1883 307 1928; x_wconf 82' lang='lat' dir='ltr'>nullam</span> <span class='ocrx_word' id='word_1_203' title='bbox 300 1896 373 1927; x_wconf 85' lang='lat' dir='ltr'>messe</span> <span class='ocrx_word' id='word_1_204' title='bbox 388 1882 557 1947; x_wconf 80' lang='lat' dir='ltr'>auctoritatem,</span> <span class='ocrx_word' id='word_1_205' title='bbox 566 1883 751 1926; x_wconf 68' lang='grc' dir='ltr'>1531Ρο11αυί05ηο</span> 
     </span>
     <span class='ocr_line' id='line_1_31' title="bbox 55 1938 749 1995; baseline 0.001 -14"><span class='ocrx_word' id='word_1_206' title='bbox 55 1941 129 1995; x_wconf 76' lang='lat' dir='ltr'>Judrce</span> <span class='ocrx_word' id='word_1_207' title='bbox 144 1954 224 1982; x_wconf 79' lang='lat' dir='ltr'>vicero</span> <span class='ocrx_word' id='word_1_208' title='bbox 246 1945 274 1992; x_wconf 82' lang='grc'>(1</span> <span class='ocrx_word' id='word_1_209' title='bbox 292 1941 442 1994; x_wconf 75' lang='grc'>10105515)</span> <span class='ocrx_word' id='word_1_210' title='bbox 471 1938 535 1981; x_wconf 82' lang='lat' dir='ltr'>Dic</span> <span class='ocrx_word' id='word_1_211' title='bbox 528 1950 568 1995; x_wconf 81' lang='lat' dir='ltr'>tgr</span> <span class='ocrx_word' id='word_1_212' title='bbox 570 1954 596 1980; x_wconf 92' lang='lat' dir='ltr'>ur</span> <span class='ocrx_word' id='word_1_213' title='bbox 609 1955 634 1981; x_wconf 90' lang='lat' dir='ltr'>m</span> <span class='ocrx_word' id='word_1_214' title='bbox 648 1941 749 1985; x_wconf 75' lang='lat' dir='ltr'>doctrina</span> 
     </span>
     <span class='ocr_line' id='line_1_32' title="bbox 54 1997 749 2046; baseline -0.004 -7"><span class='ocrx_word' id='word_1_215' title='bbox 54 2000 175 2039; x_wconf 85' lang='lat' dir='ltr'>concordes</span> <span class='ocrx_word' id='word_1_216' title='bbox 191 2011 249 2044; x_wconf 83' lang='lat' dir='ltr'>csse,</span> <span class='ocrx_word' id='word_1_217' title='bbox 263 1999 359 2039; x_wconf 88' lang='lat' dir='ltr'>sednon</span> <span class='ocrx_word' id='word_1_218' title='bbox 373 1998 398 2037; x_wconf 91' lang='lat' dir='ltr'>in</span> <span class='ocrx_word' id='word_1_219' title='bbox 414 1997 598 2046; x_wconf 86' lang='lat' dir='ltr'>commentando,</span> <span class='ocrx_word' id='word_1_220' title='bbox 614 2012 659 2041; x_wconf 86' lang='lat' dir='ltr'>non</span> <span class='ocrx_word' id='word_1_221' title='bbox 675 1999 701 2039; x_wconf 88' lang='lat' dir='ltr'>in</span> <span class='ocrx_word' id='word_1_222' title='bbox 715 2003 749 2043; x_wconf 79' lang='lat' dir='ltr'>at&#39;-</span> 
     </span>
     <span class='ocr_line' id='line_1_33' title="bbox 55 2053 442 2117; baseline 0.005 -22"><span class='ocrx_word' id='word_1_223' title='bbox 55 2055 165 2117; x_wconf 78' lang='lat' dir='ltr'>gumentis</span> <span class='ocrx_word' id='word_1_224' title='bbox 181 2069 193 2096; x_wconf 85' lang='grc'>0</span> <span class='ocrx_word' id='word_1_225' title='bbox 208 2055 315 2114; x_wconf 86' lang='lat' dir='ltr'>scriptura</span> <span class='ocrx_word' id='word_1_226' title='bbox 331 2053 413 2110; x_wconf 83' lang='lat' dir='ltr'>petitis.</span> <span class='ocrx_word' id='word_1_227' title='bbox 440 2106 442 2108; x_wconf 21' lang='grc' dir='ltr'>Ι</span> 
     </span>
    </p>
   </div>
   <div class='ocr_carea' id='block_1_4' title="bbox 351 2145 451 2204">
    <p class='ocr_par' dir='ltr' id='par_1_5' title="bbox 351 2145 451 2204">
     <span class='ocr_line' id='line_1_34' title="bbox 351 2145 451 2204; baseline 0.011 -24"><span class='ocrx_word' id='word_1_228' title='bbox 351 2145 371 2204; x_wconf 61' lang='grc'>11,</span> <span class='ocrx_word' id='word_1_229' title='bbox 401 2156 451 2192; x_wconf 72' lang='grc'>212</span> 
     </span>
    </p>
   </div>
   <div class='ocr_carea' id='block_1_5' title="bbox 52 2224 755 2864">
    <p class='ocr_par' dir='ltr' id='par_1_6' title="bbox 52 2224 755 2864">
     <span class='ocr_line' id='line_1_35' title="bbox 114 2224 748 2291; baseline 0.003 -23"><span class='ocrx_word' id='word_1_230' title='bbox 114 2225 196 2268; x_wconf 87' lang='lat' dir='ltr'>Scribis</span> <span class='ocrx_word' id='word_1_231' title='bbox 218 2238 333 2291; x_wconf 77' lang='lat' dir='ltr'>pag.120.</span> <span class='ocrx_word' id='word_1_232' title='bbox 369 2227 428 2278; x_wconf 80' lang='lat' dir='ltr'>„Sea</span> <span class='ocrx_word' id='word_1_233' title='bbox 448 2224 486 2268; x_wconf 85' lang='lat' dir='ltr'>illa</span> <span class='ocrx_word' id='word_1_234' title='bbox 512 2226 640 2283; x_wconf 80' lang='lat' dir='ltr'>indigemus</span> <span class='ocrx_word' id='word_1_235' title='bbox 659 2226 748 2280; x_wconf 83' lang='lat' dir='ltr'>(divina</span> 
     </span>
     <span class='ocr_line' id='line_1_36' title="bbox 55 2282 747 2340; baseline -0.003 -14"><span class='ocrx_word' id='word_1_236' title='bbox 55 2299 97 2331; x_wconf 80' lang='lat' dir='ltr'>auc</span> <span class='ocrx_word' id='word_1_237' title='bbox 100 2284 202 2336; x_wconf 83' lang='lat' dir='ltr'>toritate),</span> <span class='ocrx_word' id='word_1_238' title='bbox 219 2284 271 2340; x_wconf 84' lang='lat' dir='ltr'>quia</span> <span class='ocrx_word' id='word_1_239' title='bbox 291 2300 302 2326; x_wconf 87' lang='lat' dir='ltr'>a</span> <span class='ocrx_word' id='word_1_240' title='bbox 317 2282 402 2325; x_wconf 88' lang='lat' dir='ltr'>nobis</span> <span class='ocrx_word' id='word_1_241' title='bbox 396 2283 449 2339; x_wconf 80' lang='lat' dir='ltr'>ipsis</span> <span class='ocrx_word' id='word_1_242' title='bbox 464 2282 530 2340; x_wconf 79' lang='lat' dir='ltr'>dirigi</span> <span class='ocrx_word' id='word_1_243' title='bbox 545 2299 570 2326; x_wconf 88' lang='grc'>50</span> <span class='ocrx_word' id='word_1_244' title='bbox 585 2284 694 2326; x_wconf 86' lang='lat' dir='ltr'>moderari</span> <span class='ocrx_word' id='word_1_245' title='bbox 710 2300 747 2332; x_wconf 89' lang='lat' dir='ltr'>ne·</span> 
     </span>
     <span class='ocr_line' id='line_1_37' title="bbox 56 2341 749 2402; baseline 0.003 -21"><span class='ocrx_word' id='word_1_246' title='bbox 56 2341 158 2402; x_wconf 86' lang='lat' dir='ltr'>quimus,</span> <span class='ocrx_word' id='word_1_247' title='bbox 174 2357 213 2382; x_wconf 82' lang='lat' dir='ltr'>nec</span> <span class='ocrx_word' id='word_1_248' title='bbox 224 2347 280 2384; x_wconf 83' lang='lat' dir='ltr'>certi</span> <span class='ocrx_word' id='word_1_249' title='bbox 291 2359 319 2384; x_wconf 82' lang='lat' dir='ltr'>ae</span> <span class='ocrx_word' id='word_1_250' title='bbox 331 2344 376 2382; x_wconf 81' lang='lat' dir='ltr'>tuti</span> <span class='ocrx_word' id='word_1_251' title='bbox 387 2344 520 2384; x_wconf 79' lang='lat' dir='ltr'>traditionis</span> <span class='ocrx_word' id='word_1_252' title='bbox 534 2343 623 2401; x_wconf 80' lang='lat' dir='ltr'>judices</span> <span class='ocrx_word' id='word_1_253' title='bbox 635 2358 680 2383; x_wconf 81' lang='lat' dir='ltr'>esse</span> <span class='ocrx_word' id='word_1_254' title='bbox 699 2358 749 2396; x_wconf 80' lang='lat' dir='ltr'>por-</span> 
     </span>
     <span class='ocr_line' id='line_1_38' title="bbox 55 2399 747 2452; baseline 0.001 -12"><span class='ocrx_word' id='word_1_255' title='bbox 55 2408 151 2441; x_wconf 80' lang='lat' dir='ltr'>smnus·‘</span> <span class='ocrx_word' id='word_1_256' title='bbox 181 2401 204 2441; x_wconf 88' lang='lat' dir='ltr'>Si</span> <span class='ocrx_word' id='word_1_257' title='bbox 220 2399 252 2439; x_wconf 90' lang='grc'>510</span> <span class='ocrx_word' id='word_1_258' title='bbox 263 2412 311 2448; x_wconf 86' lang='lat' dir='ltr'>est,</span> <span class='ocrx_word' id='word_1_259' title='bbox 327 2400 359 2442; x_wconf 83' lang='lat' dir='ltr'>mi</span> <span class='ocrx_word' id='word_1_260' title='bbox 377 2400 470 2449; x_wconf 87' lang='lat' dir='ltr'>Comes,</span> <span class='ocrx_word' id='word_1_261' title='bbox 492 2399 658 2443; x_wconf 83' lang='lat' dir='ltr'>incohaerentia</span> <span class='ocrx_word' id='word_1_262' title='bbox 674 2400 747 2452; x_wconf 84' lang='lat' dir='ltr'>tradis,</span> 
     </span>
     <span class='ocr_line' id='line_1_39' title="bbox 55 2455 755 2523; baseline 0 -25"><span class='ocrx_word' id='word_1_263' title='bbox 55 2458 110 2498; x_wconf 87' lang='lat' dir='ltr'>dum</span> <span class='ocrx_word' id='word_1_264' title='bbox 132 2455 241 2499; x_wconf 86' lang='lat' dir='ltr'>continuo</span> <span class='ocrx_word' id='word_1_265' title='bbox 262 2473 328 2514; x_wconf 83' lang='lat' dir='ltr'>urges</span> <span class='ocrx_word' id='word_1_266' title='bbox 351 2458 425 2501; x_wconf 88' lang='lat' dir='ltr'>Patres</span> <span class='ocrx_word' id='word_1_267' title='bbox 447 2473 500 2511; x_wconf 85' lang='lat' dir='ltr'>curn</span> <span class='ocrx_word' id='word_1_268' title='bbox 520 2456 637 2523; x_wconf 76' lang='lat' dir='ltr'>Magistrd,</span> <span class='ocrx_word' id='word_1_269' title='bbox 654 2456 755 2512; x_wconf 74' lang='lat' dir='ltr'>illosquev</span> 
     </span>
     <span class='ocr_line' id='line_1_40' title="bbox 54 2514 748 2571; baseline -0.001 -15"><span class='ocrx_word' id='word_1_270' title='bbox 54 2530 180 2568; x_wconf 81' lang='lat' dir='ltr'>supremum</span> <span class='ocrx_word' id='word_1_271' title='bbox 196 2517 323 2557; x_wconf 77' lang='lat' dir='ltr'>hermenias</span> <span class='ocrx_word' id='word_1_272' title='bbox 333 2518 466 2571; x_wconf 77' lang='lat' dir='ltr'>principium</span> <span class='ocrx_word' id='word_1_273' title='bbox 475 2514 578 2560; x_wconf 89' lang='lat' dir='ltr'>statuitis</span> <span class='ocrx_word' id='word_1_274' title='bbox 596 2514 657 2570; x_wconf 83' lang='lat' dir='ltr'>Quid</span> <span class='ocrx_word' id='word_1_275' title='bbox 665 2529 745 2555; x_wconf 88' lang='grc'>055555.</span> <span class='ocrx_word' id='word_1_276' title='bbox 736 2514 748 2544; x_wconf 77' lang='lat'>‘2</span> 
     </span>
     <span class='ocr_line' id='line_1_41' title="bbox 53 2571 750 2628; baseline -0.003 -13"><span class='ocrx_word' id='word_1_277' title='bbox 53 2574 88 2615; x_wconf 85' lang='lat' dir='ltr'>An</span> <span class='ocrx_word' id='word_1_278' title='bbox 104 2572 216 2615; x_wconf 88' lang='lat' dir='ltr'>ecclesia&#39;</span> <span class='ocrx_word' id='word_1_279' title='bbox 210 2586 234 2612; x_wconf 89' lang='lat'>111</span> <span class='ocrx_word' id='word_1_280' title='bbox 249 2573 367 2628; x_wconf 84' lang='lat' dir='ltr'>scripturas</span> <span class='ocrx_word' id='word_1_281' title='bbox 381 2573 552 2615; x_wconf 84' lang='lat' dir='ltr'>commentarios</span> <span class='ocrx_word' id='word_1_282' title='bbox 575 2571 670 2612; x_wconf 89' lang='lat' dir='ltr'>edidit</span> <span class='ocrx_word' id='word_1_283' title='bbox 664 2587 689 2612; x_wconf 89' lang='grc'>555</span> <span class='ocrx_word' id='word_1_284' title='bbox 709 2572 750 2613; x_wconf 89' lang='lat' dir='ltr'>ali·</span> 
     </span>
     <span class='ocr_line' id='line_1_42' title="bbox 54 2630 750 2695; baseline 0.001 -25"><span class='ocrx_word' id='word_1_285' title='bbox 54 2643 99 2687; x_wconf 89' lang='lat' dir='ltr'>quo</span> <span class='ocrx_word' id='word_1_286' title='bbox 117 2630 343 2695; x_wconf 60' lang='grc' dir='ltr'>ξ105505511005011101</span> <span class='ocrx_word' id='word_1_287' title='bbox 373 2631 412 2673; x_wconf 92' lang='lat' dir='ltr'>Sin</span> <span class='ocrx_word' id='word_1_288' title='bbox 426 2631 516 2681; x_wconf 87' lang='lat' dir='ltr'>minus,</span> <span class='ocrx_word' id='word_1_289' title='bbox 539 2643 614 2670; x_wconf 86' lang='lat' dir='ltr'>sensus</span> <span class='ocrx_word' id='word_1_290' title='bbox 629 2632 690 2682; x_wconf 81' lang='lat' dir='ltr'>juxta</span> <span class='ocrx_word' id='word_1_291' title='bbox 709 2643 750 2671; x_wconf 75' lang='lat' dir='ltr'>ios</span> 
     </span>
     <span class='ocr_line' id='line_1_43' title="bbox 55 2685 748 2754; baseline 0 -25"><span class='ocrx_word' id='word_1_292' title='bbox 55 2702 82 2729; x_wconf 89' lang='lat' dir='ltr'>ex</span> <span class='ocrx_word' id='word_1_293' title='bbox 97 2687 215 2729; x_wconf 85' lang='lat' dir='ltr'>traditione</span> <span class='ocrx_word' id='word_1_294' title='bbox 229 2689 321 2729; x_wconf 78' lang='lat' dir='ltr'>Parrum</span> <span class='ocrx_word' id='word_1_295' title='bbox 337 2689 404 2730; x_wconf 88' lang='lat' dir='ltr'>unice</span> <span class='ocrx_word' id='word_1_296' title='bbox 419 2689 551 2754; x_wconf 83' lang='lat' dir='ltr'>repetendus</span> <span class='ocrx_word' id='word_1_297' title='bbox 570 2685 617 2728; x_wconf 87' lang='lat' dir='ltr'>erit</span> <span class='ocrx_word' id='word_1_298' title='bbox 655 2686 678 2729; x_wconf 85' lang='lat' dir='ltr'>Si</span> <span class='ocrx_word' id='word_1_299' title='bbox 697 2701 748 2742; x_wconf 80' lang='lat' dir='ltr'>ergo</span> 
     </span>
     <span class='ocr_line' id='line_1_44' title="bbox 53 2743 750 2808; baseline -0.003 -22"><span class='ocrx_word' id='word_1_300' title='bbox 53 2759 116 2786; x_wconf 84' lang='lat' dir='ltr'>nunc</span> <span class='ocrx_word' id='word_1_301' title='bbox 131 2749 192 2808; x_wconf 75' lang='lat' dir='ltr'>Juxta</span> <span class='ocrx_word' id='word_1_302' title='bbox 207 2754 228 2785; x_wconf 91' lang='lat' dir='ltr'>te</span> <span class='ocrx_word' id='word_1_303' title='bbox 244 2746 296 2787; x_wconf 87' lang='lat' dir='ltr'>certi</span> <span class='ocrx_word' id='word_1_304' title='bbox 313 2758 335 2788; x_wconf 87' lang='lat' dir='ltr'>et</span> <span class='ocrx_word' id='word_1_305' title='bbox 349 2746 393 2786; x_wconf 85' lang='lat' dir='ltr'>tuti</span> <span class='ocrx_word' id='word_1_306' title='bbox 408 2744 534 2786; x_wconf 79' lang='lat' dir='ltr'>traditionis</span> <span class='ocrx_word' id='word_1_307' title='bbox 549 2743 632 2796; x_wconf 76' lang='lat' dir='ltr'>Judrces</span> <span class='ocrx_word' id='word_1_308' title='bbox 640 2758 686 2786; x_wconf 88' lang='lat' dir='ltr'>esse</span> <span class='ocrx_word' id='word_1_309' title='bbox 702 2759 750 2785; x_wconf 79' lang='lat' dir='ltr'>nort</span> 
     </span>
     <span class='ocr_line' id='line_1_45' title="bbox 52 2800 750 2864; baseline 0.006 -20"><span class='ocrx_word' id='word_1_310' title='bbox 52 2815 184 2864; x_wconf 79' lang='lat' dir='ltr'>possumus,</span> <span class='ocrx_word' id='word_1_311' title='bbox 204 2803 270 2853; x_wconf 86' lang='lat' dir='ltr'>cedo,</span> <span class='ocrx_word' id='word_1_312' title='bbox 293 2804 353 2852; x_wconf 81' lang='lat' dir='ltr'>uude</span> <span class='ocrx_word' id='word_1_313' title='bbox 379 2802 441 2852; x_wconf 86' lang='lat' dir='ltr'>illam</span> <span class='ocrx_word' id='word_1_314' title='bbox 462 2813 522 2846; x_wconf 86' lang='lat' dir='ltr'>certo</span> <span class='ocrx_word' id='word_1_315' title='bbox 538 2812 560 2844; x_wconf 90' lang='lat' dir='ltr'>ct</span> <span class='ocrx_word' id='word_1_316' title='bbox 577 2812 626 2851; x_wconf 83' lang='lat' dir='ltr'>tuto</span> <span class='ocrx_word' id='word_1_317' title='bbox 642 2800 750 2853; x_wconf 73' lang='lat' dir='ltr'>noscam?</span> 
     </span>
    </p>
   </div>
   <div class='ocr_carea' id='block_1_6' title="bbox 0 0 848 3135">
    <p class='ocr_par' dir='ltr' id='par_1_7' title="bbox 0 0 848 3135">
     <span class='ocr_line' id='line_1_46' title="bbox 0 0 848 3135; baseline 0 0"><span class='ocrx_word' id='word_1_318' title='bbox 0 0 848 3135; x_wconf 95' lang='lat' dir='ltr'> </span> 
     </span>
    </p>
   </div>
  </div>
 </body>
</html>
