1686 3135
353 170 514 216 ...60-

83 303 132 333 esee
145 291 268 334 locutum?
299 290 367 348 Quod
382 291 401 333 si
417 285 492 333 adrem
506 288 576 332 vitam
594 291 679 334 Christi
696 302 718 334 et
731 306 781 348 gen·

82 349 112 389 tis
126 351 236 392 hebraeae
250 349 305 392 scias
320 349 448 397 historiam,
464 362 511 404 non
528 348 567 389 diu
581 351 681 393 haerebis
702 364 782 405 anceps

83 408 111 448 ati
128 422 249 462 quemnam
264 406 301 448 illa
318 404 454 462 pertineant,
470 420 521 447 curn
538 407 601 462 plura
622 407 704 455 insint,
725 423 783 464 quae

82 466 108 505 in
124 466 187 506 nullo
203 480 269 521 quam
284 463 364 506 Messias
379 463 515 505 invenerunt
529 463 621 514 exitum.
651 465 706 520 Aliis
720 479 783 520 argu„

82 522 167 566 mentis
182 522 330 578 pugnandum
345 530 391 570 est,
413 521 446 561 mi
465 525 556 568 Comes,
577 521 596 565 si
615 522 685 563 vultis
705 533 782 564 contra

85 579 242 623 Rationalistos
257 593 363 634 pugnare.
394 579 458 621 Talia
474 578 536 622 enim
552 580 602 635 jure
617 578 716 623 ridemus
742 583 782 625 Ca.»

85 637 178 686 thebei,
195 646 278 691 quanto
293 636 365 692 magis
380 636 518 694 adversarii?

392 742 411 791 §·
442 748 475 785 ts.

141 821 219 875 Aeque
234 817 313 868 distat,
331 833 398 875 quem
406 818 498 869 *ibidem
513 823 540 871 a)
555 817 634 862 ‘adfert
652 836 692 877 pro
713 831 781 863 extraa

83 876 201 921 ordinariis
217 876 375 932 interpretibus
392 878 455 918 locus
469 878 528 918 Petri
536 876 567 932 b).
601 880 678 920 (linitis
688 882 782 935 prephe-

83 939 118 978 rra
139 939 265 987 scripturae
274 938 372 987 ,propria
392 937 578 986 interpretatione
593 936 682 995 rrorrfit,
721 940 781 991 Lege

82 1002 224 1039 contextum,
247 1002 269 1032 et
290 992 389 1039 videbis,
416 1003 478 1033 metu
493 991 654 1046 persecutionis
670 992 782 1036 Neronis-

82 1066 136 1101 nae,
150 1064 206 1106 quae
220 1050 305 1091 Romae
322 1059 437 1105 eruperat,
452 1047 539 1091 Iudaeis
555 1051 618 1091 Asiae
633 1052 726 1093 minoris
739 1061 781 1091 tre·

82 1108 213 1165 pidautibus
230 1109 262 1159 c),
288 1106 381 1149 Petrum
407 1105 541 1151 messianam
569 1110 620 1149 Iesu
648 1109 781 1165 dignitatem

81 1166 118 1208 his
143 1164 281 1221 argumentis
300 1169 402 1207 suasisse.
443 1177 462 1209 1.
478 1166 504 1205 ah
525 1165 661 1220 experientia
682 1164 781 1222 propria,

83 1223 124 1282 qni
145 1222 239 1278 gloriam
257 1220 318 1263 illius
338 1223 363 1263 in
382 1221 575 1277 transfiguratione
597 1223 730 1279 spectaverit
741 1222 781 1279 cl);

82 1295 104 1329 ρ.
121 1297 132 1322 a
147 1295 203 1321 esoce
217 1278 318 1333 coelesti,
333 1293 377 1335 qua
391 1280 457 1320 illum
471 1285 534 1333 pater
549 1293 574 1319 ca
588 1281 705 1322 occasione
720 1294 781 1322 com-

81 1339 235 1382 mendaverat.
266 1348 286 1382 3.
302 1351 314 1377 a
329 1336 466 1392 prophetiis,
482 1351 536 1392 quas
552 1336 583 1377 ait
598 1352 661 1379 nunc
677 1352 723 1379 esse
743 1337 780 1377 fir-

82 1397 172 1440 miores.
208 1396 292 1441 Credo,
309 1404 357 1436 tute
373 1393 437 1435 vides
453 1394 644 1448 comparationem
660 1398 718 1436 hanc
733 1409 780 1436 non

81 1452 172 1497 institui
188 1452 248 1493 inter
261 1451 388 1508 prophetias
404 1460 426 1492 et
439 1449 539 1508 priorem
554 1452 713 1508 experientiam
728 1466 779 1507 apo·

81 1512 148 1560 stoli,
162 1512 201 1553 sed
216 1508 338 1565 comparari
353 1507 480 1566 prophetias
496 1510 563 1549 relate
579 1509 608 1549 ad
621 1519 718 1563 statum,
734 1523 782 1565 quo

83 1579 146 1613 erant
166 1578 217 1609 ante
241 1577 264 1608 et
288 1575 338 1622 post
360 1567 540 1623 implementum.
579 1566 606 1608 Iu
626 1566 696 1622 priori
717 1577 781 1608 erant

81 1627 141 1670 sieut
165 1627 256 1667 lucerna
281 1624 307 1668 in
333 1622 456 1679 caliginoso
481 1623 543 1672 loco,
564 1625 664 1680 adeoque
689 1623 779 1667 modico

81 1684 145 1727 usui.
176 1685 270 1726 Causam
290 1682 375 1729 recidit,
391 1678 451 1737 ‘quia
471 1695 517 1722 nou
533 1680 577 1722 sint
589 1685 694 1734 propriae
710 1686 780 1724 inter-

81 1743 224 1798 pretatione,
241 1739 308 1796 idque
324 1739 384 1787 ideo,
400 1738 453 1794 quia
468 1738 544 1780 allatae
559 1754 606 1782 non
621 1738 666 1781 sint
679 1743 779 1782 hnmano

81 1802 188 1855 iugenio,
211 1798 250 1839 sed
267 1797 314 1839 Deo
329 1806 469 1852 suggerente,
499 1796 589 1838 Clarum
600 1809 632 1838 est
643 1813 702 1855 ergo,
719 1799 780 1855 quod

82 1868 134 1899 ante
148 1856 332 1911 implementum,
348 1856 402 1897 dum
416 1852 528 1894 modicam
543 1856 617 1895 lucem
631 1857 739 1911 praebent
753 1856 778 1898 in

81 1916 190 1962 obscuro,
206 1911 302 1966 intelligi
317 1926 364 1952 non
379 1910 475 1966 possint,
495 1911 553 1952 sicut
572 1926 614 1953 nec
635 1913 679 1954 Dei
698 1926 780 1956 arcane

82 1971 191 2021 consilis,
218 1967 258 2025 qui
278 1982 312 2009 ess
333 1967 453 2015 revelavit,
474 1979 496 2010 et
511 1970 601 2025 quidem
616 1983 662 2011 non
677 1981 723 2015 tam
737 1985 779 2027 pro

83 2028 173 2071 coaevis
189 2040 255 2083 qrsam
271 2040 311 2082 pro
323 2023 426 2081 posteris;
443 2039 513 2082 eoque
529 2030 573 2078 jam
587 2027 703 2083 praemisit
711 2033 740 2080 e),
750 2043 780 2070 ne

79 2087 141 2144 ipsos
172 2084 265 2142 quidem
284 2085 401 2139 prophetes
420 2084 557 2139 perspexisse
583 2086 643 2141 quod
663 2085 779 2130 vaticinati

83 2155 144 2186 sunt.
173 2147 201 2185 At
217 2141 284 2184 aliem
301 2155 348 2183 esse
363 2154 440 2181 earum
461 2141 614 2182 conditionem
633 2152 683 2196 post
702 2141 780 2198 imple·

81 2213 199 2251 mentum,
214 2198 254 2241 ubi
270 2208 365 2240 eventus
381 2196 566 2240 cemrrreutarimn
581 2197 672 2241 addidit.

140 2261 209 2300 Hunc
224 2264 271 2299 esse'
287 2269 377 2297 sensum
391 2255 428 2296 vel
442 2254 496 2296 inde
510 2254 632 2311 intelliges,
649 2257 709 2312 quod
727 2272 779 2302 suos

81 2325 183 2365 moneat,
200 2324 227 2357 ut
241 2313 269 2354 iis
286 2313 406 2367 diligenter
419 2309 543 2354 intendant.
573 2315 624 2355 Non
639 2315 729 2369 dubito,
744 2317 779 2358 mi

81 2377 174 2421 Comes,
196 2369 251 2427 quin
271 2371 362 2422 Petrus,
383 2383 435 2410 eum
455 2369 514 2423 apud
533 2382 568 2411 ees
591 2383 657 2427 esset,
677 2376 779 2430 exemplo

81 2431 156 2473 divini
177 2427 281 2484 Magistri
302 2439 338 2467 eas
356 2424 477 2481 praecipue
499 2426 653 2476 declaraverit,
674 2445 730 2487 quse
750 2432 779 2472 ad

79 2488 202 2533 tollendam
218 2485 326 2529 offensam
340 2483 454 2536 valebant,
480 2498 536 2541 quae
551 2499 578 2528 en
591 2487 673 2529 humili
693 2488 777 2531 Christi

81 2591 221 2603 m

114 2651 139 2705 e)
150 2650 168 2700 ἕ.
179 2651 206 2693 V.
216 2651 273 2694 conf.
283 2649 402 2691 Krommeri
413 2646 534 2690 Inethist.
545 2650 577 2694 lit.
589 2651 650 2694 Libr.
662 2661 681 2697 3.
697 2651 714 2704 ξ.
727 2658 745 2696 5.
756 2663 780 2707 p:

143 2716 194 2752 ste.
224 2708 245 2763 b)
259 2718 271 2753 a
283 2708 338 2752 Pstr.
350 2719 370 2757 1,
382 2716 416 2752 so,
428 2716 462 2752 21.
493 2708 512 2759 c)
523 2710 595 2756 steni
607 2719 626 2757 t,
643 2718 663 2754 e.
675 2719 696 2755 7.
712 2720 732 2760 s,
743 2720 779 2756 11.

105 2776 106 2779 ’
144 2774 225 2811 ΜΟ,
241 2775 275 2811 21.
295 2776 316 2818 ὃς
333 2774 437 2817 13-18·
459 2774 479 2816 4,
496 2775 600 2813 12-16,
629 2771 740 2819 2Ρθῖι“.3ι
756 2778 776 2814 1.

144 2824 169 2880 d)
184 2825 264 2869 Mstth.
276 2833 311 2880 17,
327 2835 349 2874 t.
377 2828 400 2879 e)
414 2827 496 2887 efen,
504 2835 523 2881 1,
540 2835 620 2879 togis.
