1686 3135
305 111 568 179 —ts--'

39 259 139 315 exempla
160 256 235 297 darete
251 266 302 294 cum
318 250 352 292 sui
369 249 541 305 amplitudinem
554 252 734 305 majestatemque

38 317 141 375 Imperii,
164 328 255 355 sutirum
275 311 391 368 splendore
413 309 522 348 virtutum
545 320 644 356 ornrsret3
666 308 735 364 inque

40 375 210 420 admirationem
227 379 310 425 raperet
325 367 448 411 universos,
465 366 636 420 quibuscunque
652 368 677 405 ab
692 367 735 405 lor-

37 448 93 476 ‘tuna
108 432 151 471 fuit
166 431 249 471 (latum,
267 437 304 466 aut
319 423 417 477 alloquio
434 422 528 478 dignari,
546 434 584 462 aut
599 424 655 462 tacta
669 422 733 462 tueri.

41 492 77 535 Sic
99 501 138 536 tu,
154 487 185 528 mi
202 489 294 531 Comes,
310 480 367 522 facto
388 480 470 525 unico,
491 478 566 520 omnia
583 478 735 524 humanitatis,

39 547 115 592 omnin
132 543 188 603 grati
208 540 278 582 enimi
295 538 369 582 officia
384 536 512 592 explevisti,
530 548 551 578 et
567 536 607 577 uni
630 536 669 576 tibi
688 547 737 577 tuo·

41 623 85 663 que
109 604 200 657 Hodego
222 598 324 656 propriae
348 595 427 637 dedisti
454 593 567 650 specimen
596 594 736 651 prudentiae.

39 660 112 708 ‘Causa
128 659 240 717 propalam
256 667 300 708 cst3
318 656 356 697 sed
372 654 424 711 quia
439 655 484 694 huc
499 667 545 695 non
560 653 645 704 attinet,
661 667 737 709 super-

40 724 105 764 sedeo
122 719 201 761 dicere.

99 825 133 866 Ex
148 821 248 864 lustriae
263 820 333 875 igitur
352 816 449 872 lmperio
470 830 508 857 sex
524 815 566 857 tibi
583 815 691 872 delegisti,
705 815 737 856 mi

40 885 134 929 Comes,
157 893 212 934 qnos
228 893 274 919 non
294 875 366 931 flagris
385 876 421 916 sed
448 873 603 929 scorpionibus
623 874 738 924 caederes3

43 941 99 998 quos
113 940 136 980 in
152 948 228 978 centro
245 934 348 982 unitatis,
369 931 537 987 religiosissima
557 930 640 986 pietate
660 932 739 971 lucera-

21 1029 22 1034 ,
41 999 90 1039 ress.
107 992 269 1050 proscintlere53
285 992 352 1044 idque
367 1000 427 1029 tanto
443 988 609 1042 impudentius,
630 989 682 1043 quin
698 989 738 1028 Pe-

43 1047 146 1108 regrinus
172 1048 323 1092 Domesticos,
344 1047 398 1086 Tiro
419 1046 548 1099 Magistros,
573 1046 738 1098 Analphsbctus

44 1106 164 1151 Doctores!
183 1118 196 1144 ο
212 1103 335 1157 Temporal
351 1116 364 1141 o
379 1101 464 1140 Mores!
483 1100 542 1140 Olim
565 1103 637 1156 pudor
657 1101 738 1156 uliquis

46 1177 66 1206 et
82 1164 106 1204 in
122 1162 237 1219 publicum
253 1158 377 1213 prodeundi
400 1158 507 1213 quaedum
529 1157 663 1198 verecundia
684 1158 739 1210 fuit3

44 1235 106 1265 nunc
122 1234 165 1276 quo
182 1217 307 1273 imperitior
322 1216 431 1271 quisque,
448 1227 474 1255 eo
496 1213 646 1256 confidentior
666 1225 687 1256 et
707 1225 741 1256 te-

43 1279 152 1322 merarior
168 1286 206 1317 est.
240 1277 283 1314 lam
300 1273 368 1329 igitur
383 1283 463 1329 patere,
479 1272 511 1313 mi
528 1287 605 1316 comes,
623 1284 649 1313 ut
660 1276 741 1315 Lecto-

45 1352 79 1379 res
90 1338 197 1384 doceam,
214 1332 252 1388 qui
270 1332 321 1371 talia
337 1330 457 1386 scripseris,
471 1340 492 1370 te
509 1346 554 1371 non
570 1331 614 1371 iam
630 1330 670 1371 tibi
683 1331 742 1371 tuis-

46 1410 105 1451 que,
124 1393 160 1435 scd
183 1391 231 1432 orbi
251 1387 368 1431 Catlrolico
390 1403 436 1430 esse
458 1388 540 1444 pudori
555 1390 617 1446 quod
631 1389 684 1431 talia
698 1391 741 1432 Ro-

43 1467 95 1494 mae
108 1447 222 1506 scripsisti.

352 1555 369 1602 §-
401 1561 435 1596 13.

104 1638 153 1676 Jam
168 1632 243 1687 itaque
260 1631 345 1673 Veliter
361 1628 470 1685 expediti,
491 1630 529 1687 qui
548 1630 629 1673 vestras
649 1631 742 1675 virtutes

47 1690 188 1748 exposuerim
212 1691 332 1737 hactenns,
352 1690 459 1744 quoniam
483 1690 522 1728 diu
544 1690 687 1744 multumque
711 1705 744 1730 re·

49 1752 171 1796 luctantem
193 1747 237 1786 huc
252 1744 398 1800 pertraxistis,
421 1754 494 1786 vestro
520 1748 607 1787 tandem
635 1749 744 1803 obsequar

50 1806 171 1850 desiderio,
187 1804 294 1857 obsequar
309 1817 370 1844 nunc
386 1812 408 1842 et
425 1802 500 1844 animo
516 1818 578 1854 meo,
594 1805 660 1853 dum,
682 1803 744 1861 quod

49 1863 115 1914 mihi,
135 1861 194 1918 quod
221 1860 296 1900 officio
317 1861 398 1907 debeo,
421 1873 510 1901 strenue
531 1875 632 1918 exequar.
668 1861 745 1903 Palam

12 1970 17 1975 ³
38 1934 73 1963 ¹et
89 1922 152 1976 plena
169 1920 230 1969 luce,
252 1928 277 1957 ut
300 1915 430 1972 cupivtsris,
454 1917 478 1958 in
494 1933 598 1974 campum
618 1920 744 1975 procedam,

50 1989 76 2020 ut
91 1977 109 2018 si
125 1974 189 2017 vobis
205 1976 280 2015 lubeat
298 1977 321 2013 in
344 1977 392 2016 loco
412 1977 525 2024 resistere,
549 1978 690 2033 conglobatos
710 1992 745 2032 ag-

51 2034 150 2094 grediar,
167 2031 285 2088 primoque
301 2032 407 2073 contticru
423 2035 457 2074 vel
472 2034 516 2083 cita
528 2048 588 2074 mors
604 2034 693 2082 veniat,
710 2035 745 2074 vel

51 2092 144 2135 victoria
164 2093 226 2131 laeta.
255 2089 351 2134 rotarius
371 2090 414 2129 iam
437 2105 503 2146 quom
524 2105 562 2145 par
577 2101 624 2131 erat
639 2090 746 2147 imposui·

31 2171 32 2174 ¹
51 2151 90 2195 stis
106 2147 208 2190 incautis.
238 2145 412 2201 Conrprimcnda
428 2153 471 2199 jam
491 2149 558 2189 semel
582 2152 654 2189 Vestra
678 2148 745 2188 auda·

52 2209 85 2250 cia
102 2219 140 2254 est,
156 2220 200 2261 qua
222 2204 278 2245 mihi
300 2205 424 2260 ceterisque
440 2204 571 2246 insolentius
587 2206 610 2246 in
627 2204 673 2246 dies
689 2209 746 2247 Hae-

52 2264 116 2307 retici
131 2274 152 2304 et
174 2263 319 2303 ortui-stirne
343 2277 424 2303 nomen
445 2262 572 2317 imponitis;
590 2262 649 2320 quod
665 2263 689 2303 in
706 2278 746 2318 po-

53 2334 135 2364 stremo
158 2319 232 2360 libello
253 2329 297 2359 tarn
317 2330 403 2374 operte,
424 2332 469 2368 tom
485 2321 610 2375 petulanter
622 2320 705 2368 fucitis,
721 2331 747 2360 ut

54 2383 110 2421 haec
129 2386 200 2418 restra
220 2378 331 2416 temeritas
352 2391 394 2417 nec
414 2376 466 2418 ferri
488 2375 555 2432 possit
577 2377 684 2431 amplius,
705 2392 747 2419 nec

55 2438 138 2478 debeat.
169 2433 304 2490 Ecquisnam
321 2433 381 2474 enirn
397 2446 442 2475 tam
465 2444 560 2489 spectata
581 2435 675 2481 virtute,
700 2445 747 2475 tarn

54 2494 174 2548 conspicua
190 2488 330 2547 integritate,
346 2501 391 2532 tarn
407 2501 476 2539 certa,
493 2501 538 2532 tam
555 2492 617 2534 firma
638 2490 748 2534 existima·

54 2550 115 2591 tione
131 2550 171 2596 sit,
188 2548 225 2588 cui
241 2561 326 2589 vestrae
340 2547 405 2590 toties
427 2548 533 2605 repetitae
553 2549 678 2590 calumniae
701 2560 748 2589 tsn-

56 2609 106 2647 deur
121 2620 168 2648 non
185 2606 317 2648 detrahunt?
348 2609 436 2648 Nollem
451 2616 526 2648 autem
542 2621 581 2663 ego
596 2607 619 2646 id
634 2621 704 2662 genus
721 2608 748 2648 de

54 2679 91 2705 me
106 2663 245 2719 suspiciones
260 2663 284 2704 in
301 2663 382 2706 animis
403 2666 521 2706 hominum
538 2666 637 2706 residere.
668 2667 748 2706 Veren-

55 2722 109 2762 dum
126 2720 182 2760 mihi
199 2731 242 2771 est,
258 2721 319 2761 nesi
336 2724 393 2764 hanc
408 2721 586 2764 criminationem
602 2732 696 2764 vestram
708 2736 747 2777 pro

54 2778 160 2837 gravitate
174 2777 258 2835 ipsius,
280 2794 326 2824 non
340 2781 443 2838 graviter,
463 2780 651 2839 vehementerque
673 2791 746 2824 retun-
