1686 3135
380 177 409 188 -
438 151 481 210 ‘asa
510 169 539 190 —‘-

87 278 145 329 'lat
180 282 224 326 Sed
249 290 360 340 utsupra
383 284 461 326 vidisti
477 290 494 338 §.
512 296 575 336 2t3.,
590 286 734 344 impudenter
747 291 810 333 nen.

57 358 59 362 ’
106 343 144 385 'tiri
160 345 261 392 mavult,
275 358 340 400 quam
356 342 477 398 profecisse
492 343 575 395 videri,
597 346 665 387 etiarn
686 363 736 391 cum
759 363 809 405 pro-

107 399 162 442 fecit
181 399 279 452 intritus3
302 401 356 442 adeo
379 403 405 442 ab
427 411 490 443 utero
511 402 587 457 matris
609 409 750 461 congenitam
764 407 808 450 sibi

106 460 260 509 inerrantiam,
275 472 408 516 persuasum
422 460 495 504 habet.
524 462 681 503 utatiltonimn
693 479 745 505 eum
760 463 809 522 qui·

107 519 159 559 rlam
176 531 251 558 coram
266 531 318 572 rege
333 517 435 558 laudaret
450 527 476 557 ut
492 518 575 561 Galliae
592 520 754 576 doctissimum,
766 526 808 564 Fe·
835 526 837 529 ’

96 579 207 618 'izelonins
222 575 319 616 addidit:
336 584 358 616 et
372 575 563 618 modestissimum
580 592 678 635 quoque.

413 670 432 717 ᾗ.
464 676 513 712 245.

115 795 116 798 ¹
162 746 196 789 Ad
212 745 383 789 commilitonem
399 754 465 786 tuum
482 749 559 796 redeo,
575 748 607 790 mi
623 750 716 797 Comes,
736 750 755 792 si
775 752 807 793 'sa-

104 807 132 849 tis
150 805 224 861 adhuc
240 802 321 845 retines
337 802 457 845 memoria:
474 806 560 846 dudum
575 806 635 848 enim
652 807 740 848 anobis
756 822 807 865 pro-

104 866 176 907 fectus
195 862 235 902 diu
248 859 331 902 abfuit:
347 875 409 901 nunc
424 864 541 916 paululum
562 874 699 914 revertetur,
720 876 746 906 ut
768 881 808 907 su-

103 934 208 979 premum
225 917 343 960 maledicat
364 920 455 961 saturo.
492 922 613 973 ,‚Sensum,
634 920 720 978 influit,
743 925 806 965 verbi

102 980 147 1023 Dei
164 992 189 1018 ex
205 992 249 1018 usu
263 976 370 1031 loquendi
386 977 470 1031 potius,
491 993 558 1033 quam
574 993 599 1019 ex
615 978 663 1033 ipsa
686 982 806 1035 apostolica

102 1034 265 1091 intelligentia,
287 1042 401 1089 pastorum
423 1034 581 1085 institutione,
608 1050 634 1077 ac
661 1051 687 1078 ss.
714 1040 806 1080 Parrum

101 1109 170 1140 sensu
190 1094 217 1133 acl
239 1105 280 1132 nos
301 1092 444 1139 transmissa,
466 1093 630 1134 determinandi
652 1093 721 1144 ratio,
749 1098 805 1150 proh

103 1150 179 1194 dolor!
204 1151 231 1192 ad
253 1149 406 1189 invehentium
432 1149 599 1206 fovendumque
625 1150 793 1194 rationalismur»

102 1219 229 1264 comparata
245 1205 315 1261 magis
331 1220 376 1246 esse
393 1207 494 1259 videtui,
518 1215 584 1264 quant
601 1210 633 1249 ad‘
644 1211 766 1250 arcendum
782 1240 790 1251 r

102 1267 267 1309 eliminandum
280 1265 325 1319 a).“
356 1265 430 1319 Quam
448 1264 493 1321 pie,
514 1280 580 1320 quarn
602 1266 710 1307 catholice
731 1267 804 1323 loqui·

102 1325 153 1366 tur!
185 1322 305 1369 Aedificat,
322 1320 354 1361 mi
372 1337 458 1370 romes,
473 1323 546 1363 virum
562 1325 625 1363 hunc
641 1325 739 1373 doctum,
755 1327 805 1365 her*-

101 1393 282 1436 menentamque
298 1380 438 1430 expeditum,
462 1382 489 1422 de
510 1381 630 1436 apostoliea
646 1381 803 1439 intelligentia,

100 1450 216 1499 pastorum
232 1434 386 1489 institutione,
402 1449 425 1478 et
441 1448 529 1494 patrum
543 1453 609 1479 sensu
624 1440 690 1479 verba
712 1438 803 1487 inferre,

100 1500 141 1555 qui
157 1511 223 1552 supra
240 1502 257 1548 ς,
276 1505 324 1540 123.
340 1505 418 1536 contra
434 1498 535 1537 ,ratetum
556 1495 676 1536 liberaliter
698 1499 802 1547 sanxerit,

101 1553 236 1612 apostolicos
251 1562 324 1608 patres
339 1551 366 1592 ad
381 1554 523 1607 probandum
539 1552 700 1607 scripturarum
712 1569 803 1596 sensum

101 1628 149 1655 non
169 1615 256 1652 valere:
277 1607 316 1665 qui
336 1614 354 1661 §.
379 1619 427 1655 131.
446 1609 502 1651 mira
525 1609 649 1651 eruditione
664 1611 801 1666 profiteatur,

99 1673 176 1713 Patres
193 1668 261 1709 etiam
283 1664 417 1719 unanimes,
442 1668 469 1708 ad
489 1667 679 1722 interpretationis
699 1669 802 1723 apostolis

100 1743 139 1772 cae
155 1726 239 1767 lineam
256 1722 345 1764 modice
361 1724 492 1776 attendisse;
513 1724 586 1766 solum
602 1735 640 1764 aut
655 1725 705 1781 plus
722 1740 801 1780 aequo,

99 1784 186 1842 ingenii
203 1782 302 1826 viribus,
320 1791 341 1821 et
356 1782 454 1824 collectis
469 1797 482 1823 e
495 1782 641 1835 iudaeorum,
662 1783 802 1825 Graecorum

99 1843 294 1901 philosophorum,
310 1839 474 1881 haereticorum
488 1837 651 1896 regnocopiis,
661 1839 758 1881 confisos
773 1841 801 1881 ad

99 1899 294 1955 interpretandum
310 1897 431 1940 accessisse.
461 1899 522 1938 Proh
537 1896 612 1937 dolor!
629 1910 696 1952 quam
711 1897 753 1937 iste
763 1912 800 1954 pa·

99 1968 143 1999 tres
159 1954 259 1999 ornavit!
275 1967 343 2009 quam
355 1952 398 1996 iste
415 1954 572 2003 traditionem,
588 1959 721 2009 omnen-ique
741 1965 800 1997 veter

97 2030 149 2056 rum
164 2011 320 2055 anctoritatem
336 2010 435 2066 penitius
451 2011 547 2061 delevit,
563 2016 631 2066 quam
644 2013 730 2053 Dianae
745 2022 801 2053 tern-

96 2074 162 2128 plum
178 2074 339 2123 Hermastus,
356 2078 379 2108 et
393 2071 455 2110 velut
467 2070 523 2110 alter
536 2069 730 2123 Pyrgopolinices,
749 2084 800 2110 om-

98 2130 165 2171 nibus
180 2126 304 2170 Neotericis
319 2125 388 2167 unico
402 2125 475 2183 pugni
490 2125 538 2168 ictu
554 2127 668 2169 brachium
684 2127 799 2183 confregit

98 2198 120 2229 et
131 2186 219 2247 fernnr!
235 2189 312 2239 (supra
328 2188 345 2235 ς.
362 2188 393 2238 9,)

155 2244 283 2293 Profunde,
299 2240 331 2281 mi
338 2240 431 2295 Comes,
449 2242 487 2285 hic
506 2242 541 2282 vir
560 2241 691 2300 introspexit
709 2242 734 2284 in
749 2243 798 2284 her-

97 2302 187 2344 meniae
203 2314 294 2349 arcana;
311 2300 361 2353 plus
376 2301 418 2341 iste
433 2302 495 2341 videt
506 2300 598 2349 Jahni03
615 2311 681 2356 atque
694 2301 797 2342 hicunus

98 2365 182 2413 abjecto
198 2371 243 2398 usu
258 2356 365 2411 loquendi
381 2367 403 2398 et
417 2358 510 2414 explosis
527 2355 638 2412 patribus,
654 2372 747 2399 aureum
763 2371 797 2398 re-

96 2417 158 2459 verit
178 2415 292 2463 seculum,
312 2428 356 2467 quo
377 2414 483 2470 quisque,
503 2425 529 2456 ut
546 2414 645 2469 Magistri
667 2413 701 2455 tui
722 2415 797 2456 verbis

95 2478 187 2530 loquar,
208 2486 249 2513 suo
271 2470 324 2511 ferri
345 2471 416 2528 possit
437 2472 527 2529 ingenio
551 2485 591 2527 per
606 2472 732 2528 scripturas.
761 2470 796 2512 Vi·

97 2534 147 2573 den’
168 2542 207 2578 tu,
227 2528 259 2569 mi
279 2530 370 2576 Comes,
393 2530 447 2584 qnid
469 2531 498 2570 sit
513 2531 580 2570 horae
596 2528 731 2585 discipulum
747 2529 796 2570 fieri

96 2588 246 2646 Magistrum?
273 2587 341 2686 fund
353 2589 484 2629 medicorum
497 2597 543 2633 est,
558 2590 692 2639 promittunt
709 2589 794 2636 nicalai,

95 2641 273 2705 tractantfabri
282 2642 380 2704 infabri,
396 2648 445 2688 sola
454 2649 616 2701 scripturarum
628 2661 667 2687 crs
679 2655 718 2699 est,
728 2661 794 2704 queam

95 2750 235 2759 ,νυ-...ιμ’-

125 2822 148 2872 a)
164 2822 211 2860 Lex
221 2820 281 2861 (ath.
292 2822 378 2876 interpr.
389 2820 407 2871 ᾗ.
418 2819 474 2861 XVI.
486 2832 533 2874 pag.
546 2828 581 2864 17.
