1686 3135
323 178 353 190 ···
382 161 487 210 412*

59 298 106 339 eat,
132 298 190 345 quae
216 298 264 328 non
280 283 383 343 ''pullulet
409 284 437 328 de
457 284 533 328 radice
552 278 652 330 veritatis
672 295 695 331 et
715 287 762 333 vit·

57 357 120 390 tuus.
724 368 726 370 ·

123 464 231 505 Tertium:
248 460 327 518 procul
339 460 443 502 obsistite
458 476 473 502 a
488 461 599 504 columnia
615 472 637 504 et
658 466 762 507 crimino-

60 522 166 567 tionibus.
204 522 289 562 lustum
311 519 448 575 postulatum
468 530 514 574 est,
536 535 549 561 o
568 519 623 570 viri,
648 522 687 564 etei
713 537 761 565 non

60 591 125 625 vacat
141 581 233 637 probro,
249 578 299 619 iure
313 576 336 617 icl
353 592 364 618 a
380 577 442 618 vobis
457 593 496 633 per
516 593 551 620 me
572 580 687 633 postulari.
722 579 762 624 Est
786 584 787 587 ’

60 638 121 682 enim
139 648 207 693 prope
222 650 287 689 supra
306 634 386 681 fidem,
409 636 436 675 ab
452 635 591 677 literatorum
612 648 672 678 certe
692 639 761 681 morio

59 701 101 740 bos
122 698 188 750 longe
207 701 332 740 remotum,
353 702 379 732 ut
398 701 442 733 tres
462 693 591 747 scriptores,
606 705 687 742 aetate.
704 712 762 738 con-

50 754 162 800 ditione,
182 749 311 806 regionibus
332 748 428 791 seiuncti
454 760 521 805 atque
547 751 650 802 disereti,
680 755 761 795 eodem

59 822 169 866 tempore.
185 820 231 849 uno
247 822 292 856 ore,
308 818 353 848 tam
370 809 507 862 propudioso
521 808 607 865 flagitio
622 808 646 851 in
662 811 762 868 proecin·

59 867 138 912 dendis
151 866 232 907 iisdem
248 865 342 907 summis
357 864 411 906 viris
426 880 472 907 sese
494 864 636 908 devinxerint
685 874 761 925 Atque

58 928 104 969 hoc
125 926 182 967 illud
205 934 249 972 est,
276 924 337 980 quod
355 937 391 964 me
411 926 438 964 ad
459 925 617 965 accumulanda
644 926 668 967 id
688 940 760 983 genus
837 960 839 967 t

58 985 162 1039 exempla
174 982 293 1038 permovit.
324 980 374 1023 Vidi
389 980 464 1032 enim,
486 979 531 1021 nisi
547 997 572 1023 ea
592 983 668 1039 copia,
690 999 780 1041 eoquat

58 1040 218 1102 perspicuitate
236 1039 359 1088 dedissem,
375 1048 401 1080 ut
416 1039 500 1080 mutire
516 1038 572 1080 nihil
587 1042 696 1095 possetis,
712 1057 761 1092 vos,

58 1114 116 1158 quae
130 1108 203 1139 vestra
219 1097 331 1140 temeritas
353 1106 399 1145 est,
420 1096 529 1153 effugium
551 1097 653 1154 undique
676 1100 762 1156 quaesi·

57 1170 133 1207 turos,
150 1166 172 1197 et
185 1155 284 1208 violenta
300 1153 379 1211 quavis
400 1152 487 1218 ratione
508 1154 593 1210 aliquid
615 1156 642 1196 ad
661 1157 762 1214 speciem

57 1224 185 1270 reperturos
201 1227 259 1260 esse,
274 1227 319 1269 quo
333 1221 499 1254 accusationem
515 1213 676 1267 gravrmimum,
693 1229 763 1271 quam
787 1217 789 1221 ’
837 1207 840 1228 ³

58 1272 124 1315 vobis
148 1271 307 1319 intentassem,
329 1284 421 1327 quoquo
442 1270 511 1310 modo
533 1270 623 1311 tandem
649 1272 673 1313 in
694 1282 763 1328 caput

57 1344 137 1375 meum
152 1328 308 1370 devolveretis.
338 1330 388 1369 Hoc
405 1341 445 1382 ego
461 1340 488 1368 eo
504 1325 565 1368 facto
585 1328 645 1379 cavi,
670 1341 691 1372 et
711 1330 763 1371 dili·

58 1387 148 1446 gentius
164 1385 225 1432 cavi,
248 1385 302 1442 quia
323 1387 367 1427 hoc
390 1395 501 1440 tempore.
518 1386 543 1425 in
559 1386 603 1426 hoc
618 1389 709 1444 negotio
723 1387 762 1430 vix

57 1445 110 1489 satie
122 1453 197 1490 cavet,
214 1443 282 1484 etiam
298 1444 337 1500 qui
352 1443 448 1484 maxime
464 1452 532 1484 cavet.
564 1447 598 1485 De
613 1458 639 1485 eo
651 1460 704 1501 ergo
724 1459 762 1487 vo-

57 1504 92 1546 bis
112 1515 175 1543 nuno
193 1514 287 1551 meeum¹
305 1500 427 1549 convenit,
453 1514 493 1542 vos
513 1514 559 1542 esse
582 1502 784 1547 ‘calumniatorem‘
833 1515 834 1524 ¹

57 1563 83 1604 Id
99 1568 178 1606 restat,
200 1567 227 1598 ut
248 1558 329 1603 sciam¹
351 1568 493 1613 expertemne
515 1557 617 1599 criminis
634 1560 712 1601 dicatis
727 1575 762 1602 ca·

57 1617 183 1666 lumniam,
199 1629 237 1663 an,
253 1616 291 1672 qui
309 1615 442 1672 frequentet,
457 1629 508 1655 reus
524 1615 553 1655 sit
569 1615 698 1658 criminis?
709 1618 762 1659 Non

57 1684 161 1732 exspecto
182 1681 326 1729 responsum,
354 1671 443 1731 quidvis
464 1671 554 1726 dicatis,
582 1687 630 1715 reos
652 1689 691 1717 vos
715 1690 761 1719 esse

56 1731 138 1788 flagitii
161 1732 185 1771 in
210 1742 286 1786 aperto
303 1742 341 1774 est.
380 1729 474 1771 Vetitam
499 1729 558 1771 enim
579 1730 663 1773 divinis
683 1734 762 1775 huma·
801 1760 803 1763 .

56 1791 139 1846 niaque
156 1787 242 1844 legibus
260 1788 407 1835 calumniam,
430 1802 472 1829 nec
488 1789 603 1842 plebecula
619 1790 681 1830 rudis
696 1789 763 1847 igno·

56 1859 103 1896 rat,
126 1861 197 1903 eoque
220 1845 244 1887 in
267 1849 310 1888 hac
330 1846 398 1888 etiam
422 1846 611 1888 abominationem
631 1849 696 1888 habet
718 1849 763 1892 hoe

56 1904 156 1953 crimen,
175 1913 212 1951 ut,
234 1903 336 1960 quamvis
358 1918 383 1945 ex
398 1902 481 1943 iniuria
504 1903 623 1960 subitoque
639 1905 720 1946 affectu
736 1907 762 1947 in

56 1963 115 2006 illud
139 1970 267 2018 raperetur,
293 1962 448 2004 detestandum
477 1971 541 2016 putet
566 1972 588 2001 et
612 1964 762 2018 reparandum

56 2034 154 2079 quoque.
186 2020 254 2062 Nunc
268 2033 308 2061 voa
324 2020 410 2060 videte:
430 2021 544 2066 laturum.
562 2024 691 2073 diriperent,
710 2024 762 2062 Do-

56 2080 133 2121 uidem
156 2079 276 2120 ttttrtaelt's
294 2075 404 2131 aliosque,
426 2091 543 2132 nunquam
560 2077 662 2127 vidistin
683 2079 760 2120 nullus

56 2139 139 2179 horum
154 2137 223 2177 verbo
239 2150 277 2178 nos
293 2149 393 2190 unquam
410 2133 484 2183 laesit,
505 2149 559 2190 quos
575 2145 597 2175 et
612 2134 704 2175 nomina
723 2150 761 2178 ve-

56 2204 101 2238 stra
113 2193 218 2236 latebant.
248 2197 309 2235 Dum
325 2207 376 2248 ergo
394 2193 418 2232 in
435 2195 474 2232 hos
492 2207 538 2233 non
551 2191 668 2248 repentino
684 2192 761 2248 aliquo

56 2262 134 2299 motu,
158 2252 197 2293 sed
216 2252 291 2292 studio
313 2260 334 2292 et
354 2249 463 2291 meditato
485 2249 579 2291 consilio
597 2260 641 2290 ram
658 2260 724 2291 tetras
739 2259 762 2294 et

55 2308 196 2365 multiplices
212 2308 336 2350 calumnias
352 2306 489 2350 contulistis:
510 2308 564 2348 dum
580 2309 635 2349 adeo
651 2307 712 2349 nulla
727 2322 762 2350 re·

56 2367 150 2424 parandi
168 2364 236 2408 alieni
252 2366 342 2408 honoris
359 2379 411 2406 eura
428 2380 465 2406 vos
480 2367 559 2420 tangit,
576 2376 602 2406 ut
617 2365 683 2406 etiam
700 2366 763 2421 agni.
826 2360 827 2369 ¹

54 2436 89 2466 tas
108 2425 228 2465 mendacio
254 2423 378 2466 obvolvatis
399 2426 434 2477 (ᾗ.
457 2427 536 2474 243,);
552 2437 591 2465 oro
605 2437 659 2472 nos,
675 2423 701 2463 ad
717 2424 763 2479 ple·
825 2412 833 2479 {³

55 2483 108 2524 bem
124 2481 258 2538 comparati,
276 2495 321 2538 quo
337 2482 386 2522 loco
402 2481 475 2523 estis?
503 2480 657 2538 Propudiuml
731 2485 732 2488 ’
824 2482 827 2504 ‘¹

52 2633 53 2636 ,
116 2598 140 2639 Si
157 2599 268 2639 humanae
285 2596 419 2653 divinaeque
433 2596 511 2639 literae
525 2595 584 2638 nihil
609 2597 636 2637 ad
656 2594 763 2653 mitigan-

32 2662 42 2673 ’“
56 2656 97 2698 dos
113 2656 212 2707 animos,
226 2654 285 2696 nihil
307 2655 333 2695 ad
354 2655 415 2696 vitae
436 2657 576 2697 honestatem
598 2654 662 2696 vobis
683 2665 762 2696 contu·

54 2714 143 2755 lerunt:
159 2713 177 2754 si
192 2712 293 2754 fomitem
310 2711 386 2768 potius
402 2713 528 2754 aemulandi
553 2713 703 2754 admoverunt
723 2726 762 2753 cu·

55 2770 146 2831 piditati
162 2781 262 2821 vestrae,
277 2781 304 2811 ut
320 2785 376 2828 quos
391 2770 496 2828 ingenio,
513 2769 652 2820 eruditione,
674 2767 763 2814 meritis.
