1686 3135
380 170 410 195 ¹*
438 155 540 205 352'-

111 279 167 342 quid
182 279 312 332 conferam,
326 290 353 322 ut
368 279 428 321 docti
442 279 486 321 viri
501 283 592 323 tandem
606 281 743 343 intelligant,
765 287 812 330 Plis

109 341 144 384 nii
159 340 226 383 etiam
241 341 289 382 non'
304 337 415 381 intellecta
430 338 530 390 nomina,
544 355 589 382 una
605 353 657 384 cum
670 343 753 400 ignotis
763 346 810 387 ani-

108 400 220 450 malibus,
236 397 359 453 aasutisque
377 395 477 445 fabulis,
497 396 599 453 religiose
617 401 733 445 retinenda
755 419 809 455 esse,

109 470 132 501 et
147 457 248 514 persuasi
270 455 328 504 sint,
348 455 442 496 stultum
462 469 520 505 esse,
540 456 597 499 ultra
617 457 718 500 Plinium
745 461 809 518 quid.

109 530 179 573 quam
195 517 252 556 velle
266 513 354 570 sapere!

168 576 228 616 Haec
244 573 271 612 de
286 570 500 627 metamorphosibus
515 571 629 629 Magistri;
645 589 708 615 nunc
723 576 750 616 de
766 576 809 617 dis-

109 631 205 677 crimine
224 629 310 676 dicam,
329 627 354 667 in
374 629 435 684 quod
456 632 644 680 Lielzterrstenins,
671 642 693 671 et
713 636 808 675 sanatus

108 704 158 734 suas
178 687 263 729 animas
282 685 427 740 conjecerunt
440 685 590 746 personalem
606 690 667 730 illam
683 692 807 746 solpngem.

108 749 151 791 Vin
170 756 196 787 tu
216 743 272 786 scire
291 746 388 794 crimen,
412 746 472 799 quod
491 746 546 787 huic
562 747 652 787 animali
667 759 705 789 aut
719 750 807 791 nomini

107 803 180 847 insit?
200 801 259 845 Audi
271 801 417 856 Magistrum:
431 806 596 859 „Archaeologi
608 809 714 848 neoterici
729 811 808 863 (quam

107 861 178 906 belle!
194 859 257 902 brevi
275 870 297 901 et
312 868 400 900 sutores
414 866 537 904 neotericos
557 863 641 918 dabit),
663 865 808 923 eiusdemque

107 918 213 963 novitatis
227 918 365 973 interpretes,
382 930 428 957 non
438 932 514 962 amant
528 936 561 963 res
576 922 600 962 in
616 922 732 977 scriptura,
750 936 808 980 quae

106 977 151 1023 Dei
162 976 246 1018 virtute
262 975 332 1017 iactae
347 984 410 1025 sunt,
427 987 533 1026 naturae,
556 993 613 1036 quae
628 978 652 1020 in
668 983 754 1021 mundo
774 991 808 1021 ost

106 1036 192 1079 viribus
207 1033 337 1089 superiore,
355 1033 416 1074 unde
438 1034 605 1078 firmamentum
625 1039 692 1078 habet
711 1040 807 1080 revelata

104 1093 218 1137 divinitus
232 1092 320 1147 religio.
349 1092 397 1133 Hae
411 1104 464 1133 sunt
479 1094 597 1151 solpugae‚
613 1109 659 1135 non
678 1094 735 1145 illae,
753 1109 807 1153 quas

106 1151 145 1194 isti
165 1152 190 1191 in
216 1148 340 1192 Philistaeis
364 1150 579 1194 comminiscuntur:
601 1167 695 1208 quarum
719 1167 806 1195 morsus

106 1224 159 1253 vere
181 1218 234 1250 sunt
253 1207 357 1249 venenati
374 1207 508 1264 religioni!“
537 1213 599 1251 Instt.
617 1220 660 1252 vet.
677 1220 725 1254 test.
741 1214 815 1254 'Porus

107 1282 128 1315 1.
143 1282 193 1324 pag.
209 1276 258 1312 306.
288 1267 317 1306 Et
332 1264 398 1307 alibi:
433 1265 473 1318 „Si
492 1265 568 1323 itaque
585 1269 624 1310 has
644 1269 806 1319 (haemorrhoi-

105 1328 156 1383 des)
172 1339 220 1366 esse
235 1323 373 1371 faterentur,
389 1322 496 1366 videbant
511 1324 554 1365 sihi
571 1327 737 1382 agnoscendum
759 1339 805 1367 esse

105 1386 132 1427 in
147 1383 183 1426 his
199 1382 317 1440 quiddam,
339 1381 400 1436 quod
422 1395 489 1437 supra
511 1394 615 1424 naturam
634 1382 674 1433 sit,
689 1393 718 1424 -et
738 1383 806 1427 fuisse

105 1442 208 1500 plagam,
224 1453 281 1497 quae
297 1439 383 1481 venerit
398 1454 424 1480 ex
439 1439 477 1482 illa
494 1439 620 1489 divinavi,
642 1451 684 1496 qua
704 1440 806 1497 prodigia

106 1502 186 1542 fiant.·‘
201 1499 256 1540 ibid.
272 1513 293 1552 p.
308 1506 356 1542 305.
373 1497 437 1553 quasi
450 1512 504 1540 vero
519 1498 648 1555 prodigium
668 1497 701 1539 bis
724 1498 804 1551 inesse,

106 1567 184 1614 aperte
196 1571 243 1598 non
257 1555 286 1596 sit
300 1555 370 1597 fassus
381 1568 447 1611 supra
462 1557 564 1597 Jadriizts.
595 1558 631 1596 Tu
645 1569 704 1610 ergo,
718 1554 750 1596 mi
767 1559 806 1597 Co·-

105 1629 167 1662 mes,
183 1613 201 1656 si
216 1614 314 1654 retinere
330 1611 393 1667 cupis
409 1626 493 1655 nomen
510 1612 670 1659 christianum,
691 1628 732 1668 pto
754 1616 805 1656 hae-

104 1671 274 1715 morrhoidibus
289 1669 462 1713 Philistaeotum
478 1684 532 1712 cave
549 1670 608 1712 dicas
628 1672 744 1725 solpngam
766 1682 806 1713 aut

105 1733 208 1778 soricem,
230 1726 315 1785 alioqui
330 1737 356 1768 tu
371 1728 418 1784 ipse
438 1737 547 1770 venenata
567 1727 620 1769 fidei
635 1731 732 1782 solpugo
753 1729 804 1778 eris,

105 1786 262 1849 prodigiorum
277 1798 340 1833 osor,
356 1795 378 1827 et
392 1785 529 1828 Naturalista
543 1785 678 1829 incredulus.

165 1847 239 1901 Quam
256 1844 319 1885 doleo
336 1843 362 1883 de
377 1853 410 1884 tot
423 1844 541 1899 praeclaris
562 1844 628 1892 viris,
651 1854 684 1886 tot
703 1844 759 1886 meis
779 1845 803 1887 in

106 1915 153 1950 arte
169 1901 286 1945 communi
302 1899 424 1957 magistris!
458 1905 477 1943 E
494 1902 594 1943 calmeta
611 1900 672 1943 enim
696 1901 804 1959 intelligo,

105 1963 212 2023 quosdam
228 1961 302 2003 solum
317 1958 526 2001 haemorrhoidibus
539 1958 619 2001 favisse
632 1959 700 2013 olim,
720 1969 804 2002 cetero·

105 2036 157 2066 rum
173 2033 285 2076 quemque
300 2030 340 2074 pro
354 2014 429 2058 lubitu
444 2017 506 2059 aliud
520 2027 542 2059 et
556 2017 619 2057 aliud
628 2018 732 2073 sapuisse.
757 2020 804 2062 Hos

105 2094 164 2136 ergo,
182 2089 298 2132 tamquam
313 2079 441 2127 {venenatas
460 2073 513 2116 fidei
535 2075 638 2130 solpugas
658 2074 803 2118 irrevocabile

105 2147 166 2181 tenet
180 2132 287 2176 exitium!
316 2131 340 2174 Si
352 2132 408 2188 quid
423 2142 498 2174 tamen
512 2133 595 2173 solatur
609 2133 634 2172 in
648 2132 716 2174 tantis
731 2133 803 2186 malis,

104 2198 130 2240 id
150 2207 224 2236 unum
245 2202 288 2242 est,
310 2192 372 2247 quod
392 2205 418 2232 ex
433 2204 477 2248 quo
493 2190 551 2232 istoc
565 2191 651 2232 mundo
667 2189 742 2231 illuxit
756 2204 803 2233 ora-

104 2254 198 2304 culum,
217 2249 321 2291 uberiori
338 2248 418 2289 talium
439 2262 514 2290 rerum
533 2246 679 2303 inquisitioni
704 2262 805 2305 superse·

105 2315 158 2354 dere
179 2321 313 2365 possumus,
335 2310 443 2362 qnoniam
463 2307 600 2359 ultrabaee
619 2305 728 2360 Apollinis
751 2306 803 2347 Del-

104 2367 168 2427 phici
184 2367 249 2408 effata
264 2379 339 2421 sapere
358 2364 428 2413 velle,
449 2377 510 2405 mera
532 2361 627 2405 stultitia
646 2373 684 2405 est.
714 2362 802 2415 ¹Danidi

104 2441 157 2483 ergo
172 2424 293 2468 Michaelis
307 2422 408 2477 impense
424 2422 534 2477 gratulor,
552 2420 592 2477 qui
608 2420 632 2461 in
651 2419 803 2462 haemorrhoi-

104 2486 171 2527 dibus
187 2480 331 2525 consentiens
345 2477 467 2534 Magistro,
485 2478 594 2535 quoniam
615 2493 655 2532 per
674 2477 802 2535 prodigium

103 2540 244 2598 contagiosus
261 2538 350 2579 credere
362 2537 423 2577 visus
439 2545 478 2589 est,
494 2550 507 2577 e
520 2535 648 2578 naturalista
663 2536 738 2578 subito
754 2550 802 2577 eva-

103 2600 157 2642 serit
178 2595 312 2641 christianus
334 2592 418 2644 fidelis-
439 2604 461 2635 et
481 2595 549 2649 paulo
565 2593 627 2648 prius
642 2595 713 2635 bostis
728 2590 801 2649 prodi·

104 2658 206 2715 giorum,
227 2665 267 2696 tuo
284 2657 329 2706 iam
344 2651 447 2694 nuncin
467 2651 553 2694 deliciis
570 2651 600 2691 sit
615 2649 728 2706 Magistro.
759 2650 803 2692 Sed

103 2729 195 2762 vereor,
210 2722 237 2753 ut
251 2711 335 2753 stabilis
350 2709 390 2758 sit,
412 2723 469 2765 quae
485 2723 513 2750 ex
529 2708 738 2750 haemorrhoidibus
758 2719 802 2748 tam

105 2772 150 2814 cito
167 2769 250 2812 coaluit
265 2768 372 2810 amicitia.
403 2767 559 2823 Maximopere
581 2779 632 2821 ergo
650 2766 717 2807 laudo
738 2766 813 2821 pium,

104 2828 207 2887 Magistri
221 2829 309 2876 zelum,
326 2824 366 2884 qui
381 2823 524 2867 irrevocabili
539 2822 650 2867 sententia
669 2822 802 2874 *decreveris
