1686 3135
321 146 479 204 *au-

52 280 150 326 illustres
166 277 227 324 estis⁴
259 279 314 336 Quis
330 278 390 322 enim
406 279 448 320 sibi
467 275 620 334 persuadebit,
641 290 679 324 vos
699 285 744 324 tam

53 352 132 382 coecus
149 352 195 379 esse
211 349 232 379 et
247 351 315 394 prope
330 339 429 388 insanos,
445 348 469 377 ut
485 351 540 393 quos
555 335 579 376 in
603 335 674 378 fronte
691 355 745 395 opu.

52 396 108 439 sculi
124 397 184 437 velut
200 397 273 438 hostes
289 393 430 436 revelationis
445 393 568 435 obtuleritis
587 398 641 444 „stati
653 397 692 436 sub
714 413 746 437 re-

51 467 128 510 spectu
137 470 243 496 saevarum
255 454 463 502 interpretationum
475 454 691 506 sacrasset-iprum,
707 471 746 495 aaa·

51 514 188 555 titralirmum
196 514 305 565 evulgare,
322 526 349 549 nc
358 510 498 549 scrutationis
510 511 581 549 ideam
588 511 659 551 delere
667 528 744 552 corren-

51 578 116 614 tur‘·:
125 568 217 626 hisipsis
228 564 447 617 nunctamsotticue
459 567 743 623 tambefflgnevemamini,

49 645 79 672 ne
98 631 215 681 periculum
232 626 443 668 adeanramittendi
454 636 550 666 centrum
566 627 666 667 trationis!
695 627 745 669 Sint

49 686 198 729 nihilominus
211 682 273 725 vohis
284 682 373 738 gratiae,
389 682 430 722 viri
442 681 529 737 optimi,
545 684 573 724 de
583 681 647 725 'tanta
662 684 685 726 in
703 700 743 727 nos

48 742 215 786 misericordia!
245 741 288 782 Sed
303 751 389 786 tamen,
403 740 434 779 mi
456 738 548 791 Comes,
571 741 596 781 in
613 753 687 796 aperto
703 752 742 790 est,

47 802 109 858 quod
123 800 160 840 ille
175 808 246 841 metus
268 809 331 847 tuus,
351 798 378 836 de
393 800 490 848 periculo
507 801 626 840 afflictandi
644 813 741 841 centrum

48 855 219 907 ursionis‚'³‘nihil
236 854 279 896 nisi
295 855 373 895 hedera
390 857 429 905 sit,
450 869 494 910 quo
509 856 655 899 attentionem
669 858 740 914 erigas

46 916 150 966 lectoris;
173 914 204 954 nil
226 912 269 954 nisi
289 914 368 953 hamus
385 912 494 954 inescatus
508 928 548 969 pro
564 915 624 960 aliis,
641 929 696 969 quos
712 915 741 955 al-

46 973 120 1022 licias;
136 986 175 1027 pro
191 969 239 1011 aliis
255 970 467 1017 terriculamentum,
484 981 509 1011 ut
525 985 572 1012 mos
589 982 660 1012 vester
668 980 701 1013 est.
710 975 739 1027 (ξ,

46 1035 104 1083 gs),
125 1043 170 1086 quo
190 1042 240 1079 ειη,
260 1028 373 1083 totiusque
393 1026 499 1071 ecclesiae
519 1043 652 1084 magnopere
667 1029 739 1070 inter-

45 1103 93 1130 esse
112 1096 205 1144 putent7
223 1087 262 1125 has
284 1100 352 1140 nugas
368 1095 417 1125 tuas
431 1083 488 1126 serio
504 1088 562 1139 apud
583 1085 682 1127 animum
704 1102 739 1133 err*

44 1146 150 1202 pendere,
167 1152 189 1184 et
204 1152 265 1183 tanto
281 1143 340 1184 malo
355 1156 457 1198 quaerere
472 1143 593 1184 medelam!

100 1260 123 1301 Si
138 1258 205 1306 enirn,
221 1257 254 1298 mi
269 1258 357 1304 Comes,
373 1258 400 1297 de
417 1256 592 1300 Protestantibus
606 1257 647 1300 tibi
664 1273 736 1302 sermo

25 1361 27 1363 .
42 1329 87 1366 est,
102 1331 142 1357 cur
157 1313 280 1371 periculum
298 1312 377 1355 metuis
395 1313 529 1355 amittendae
544 1316 651 1367 unionis,
668 1331 736 1372 quam

42 1376 75 1417 illi
90 1379 134 1426 jam
151 1382 201 1413 ante
218 1374 290 1414 secula
307 1373 430 1426 ruperunt?
461 1371 484 1412 Si
499 1372 526 1411 tle
544 1373 678 1421 Catholicis,
695 1388 736 1415 cur

41 1430 142 1475 homines
170 1431 197 1469 de
223 1429 339 1471 schismate
360 1428 487 1472 insimulas.
511 1433 549 1484 qui
574 1430 736 1486 scripturarum

42 1491 99 1531 dicta
115 1486 155 1529 tihi
170 1487 272 1541 undique
288 1486 395 1527 evolvunt
406 1496 428 1526 et
448 1486 575 1531 enucleant.
592 1488 680 1544 2quihus
701 1488 735 1544 ip-

41 1561 91 1587 sum
106 1546 185 1644 prgbes
202 1543 322 1598 primatum
339 1554 360 1583 et
376 1552 478 1584 centrum
494 1544 622 1589 unionis?·''
634 1547 701 1597 Vide,
716 1544 735 1587 si

41 1603 131 1646 sineru
148 1611 264 1656 orepotes
281 1607 298 1654 §t
315 1610 348 1645 ts.
365 1602 406 1642 sub
427 1603 460 1646 la„
482 1611 506 1641 ut
523 1602 653 1645 Commilito
675 1614 734 1658 tuus,

40 1659 194 1717 Resteiiouum
214 1667 302 1710 auctor,
322 1659 424 1713 aequior,
444 1659 563 1701 humanior
584 1673 635 1715 erga
659 1662 734 1702 Prote-

40 1730 121 1761 stantes
135 1726 168 1758 est
182 1715 205 1756 in
221 1713 267 1756 hoc'
277 1718 325 1771 ipso
342 1725 486 1770 argumento,
503 1729 528 1756 ac
544 1726 568 1755 tu
582 1716 606 1756 in
621 1716 679 1758 filios
695 1732 733 1759 ece

39 1776 125 1827 mesiae,
141 1774 179 1829 qui
195 1773 220 1813 in
235 1784 337 1813 centrum
350 1772 439 1813 unionis
447 1786 564 1828 nunquam
578 1785 732 1829 peccaverunt.

38 1833 82 1875 Ubi
104 1847 155 1888 ergo
174 1831 235 1873 velut
255 1829 315 1870 aliud
335 1844 400 1885 agens
423 1831 480 1869 hanc
503 1829 595 1871 offulam
616 1832 731 1886 projecisti

38 1891 171 1936 lectoribus,
191 1887 236 1929 cito
254 1889 332 1942 pedem
353 1887 459 1939 retrahis,
480 1897 501 1927 et
521 1885 604 1933 iterum
627 1889 653 1929 ad
670 1900 730 1931 catte-

38 1963 132 1989 cerscrss
146 1959 254 1989 reversus.
274 1946 396 1998 Origenem,
413 1947 575 1998 Hieronymum,
592 1955 729 2003 cunctosque

37 2005 161 2063 philologos
177 2003 279 2044 omnium
294 2003 420 2044 seculorum
436 2001 582 2053 doctissimos,
598 2013 641 2043 tam
658 2003 729 2048 facete

36 2073 82 2104 tam
98 2061 165 2118 polite
179 2061 204 2102 in
219 2063 289 2109 tara,
303 2063 376 2106 hirco,
391 2075 442 2108 stre,
464 2074 517 2102 carae
531 2070 553 2100 et
574 2076 643 2113 capra
662 2061 732 2112 rides,-

35 2120 171 2161 velutunus
188 2132 200 2157 e
215 2119 278 2158 turba
293 2131 370 2159 eorum
385 2117 426 2164 tis,
449 2114 488 2172 qui
510 2131 586 2173 pugno
607 2128 628 2157 et
649 2120 727 2161 cubito

36 2186 161 2231 emungunt
180 2189 209 2217 se.
245 2176 288 2216 Sed
308 2175 359 2215 vide
381 2189 445 2230 quarn
468 2174 531 2214 aliter
545 2178 683 2229 Augustinus
699 2179 727 2219 de

35 2234 107 2279 hirco,
125 2248 171 2280 sue.
187 2245 209 2274 et
224 2230 478 2288 capragbethtehemitica
493 2231 638 2283 judicaverim
658 2248 725 2289 quam

34 2291 73 2332 ille
87 2292 229 2331 barbararum
244 2303 326 2331 vocum
340 2291 460 2338 colluvione
471 2288 536 2339 (forte
550 2292 644 2332 colluvie
651 2290 725 2333 dicere

33 2348 133 2401 volebas)
153 2349 286 2389 delectatum
306 2348 469 2400 Hieronymum
494 2348 604 2403 suspiret3
625 2361 666 2390 uec
686 2349 725 2390 ille

34 2405 108 2452 ῐηυάο,
124 2406 163 2446 sed
178 2408 286 2446 Damasus
302 2419 392 2460 quoque
407 2415 429 2445 et
444 2403 518 2445 omnis
534 2406 593 2447 orbis
609 2404 722 2456 eruditus;

33 2461 95 2508 vide,
111 2472 137 2503 ut
152 2460 272 2503 hodiedum
286 2464 313 2503 de
329 2476 354 2503 eo
374 2464 476 2508 doctore,
495 2461 622 2518 linguarum
642 2463 723 2504 notitia

33 2518 120 2574 egregie
135 2529 227 2569 ornato,
241 2519 303 2560 velut
318 2518 427 2560 divinitus
442 2519 484 2560 sibi
503 2521 553 2561 dato
573 2519 652 2577 gratias
673 2531 723 2576 agat

32 2575 131 2617 ecclesia.
160 2581 201 2628 (tt.
217 2587 244 2622 ot
259 2587 281 2617 et
298 2580 341 2627 65.)
371 2579 406 2617 Tu
423 2590 486 2631 ergo,
502 2577 533 2620 mi
550 2580 635 2627 Comes,
650 2575 668 2616 si
684 2577 724 2619 ati:

32 2632 87 2685 quid
101 2648 201 2689 saperes,
216 2635 250 2675 vel
265 2635 333 2676 altum
350 2633 454 2675 tacuisses
470 2635 549 2685 dere,
569 2634 593 2675 in
609 2648 652 2690 qua
673 2636 722 2676 nul-

30 2687 79 2728 lum
98 2689 139 2731 tibi
159 2690 269 2746 competit
290 2691 412 2744 judicium
432 2691 467 2731 vel
487 2693 534 2746 ipse
554 2704 652 2740 uacuus,
671 2693 722 2733 lau-

30 2743 100 2787 dasses
119 2749 200 2791 alienas
221 2762 288 2803 opes,
304 2762 356 2789 cum
371 2747 431 2789 iuxta
447 2746 623 2801 Hieronymum:
645 2752 720 2804 ,duge-

1 2811 2 2815 ’
30 2815 75 2843 utta
90 2814 112 2845 ct
125 2808 249 2848 verecunda
268 2808 374 2866 coazfessio
384 2808 426 2858 sit,
440 2820 483 2863 quo
495 2808 542 2860 ipse
554 2821 646 2857 careas,
662 2810 686 2849 icl
697 2811 720 2851 in
