1686 3135
390 148 549 192 -Qtto-

180 266 230 308 Non
253 275 367 320 prumam,
389 263 421 304 mi
448 267 540 311 Comes.
568 263 678 307 Davidem
702 265 822 308 mediocris

123 325 188 383 regni
203 323 342 379 principem⁷
359 320 407 361 sine
424 322 564 363 memorabili
580 324 716 365 commercio
733 333 770 364 aut
790 323 823 364 fo-

126 383 193 431 dinis,
209 391 260 422 ante
277 393 345 420 arianos
363 389 419 425 attho
432 385 477 420 tain
495 379 587 420 divitem
605 395 673 435 opum
691 381 774 426 fuisse,
796 390 822 421 ut

123 451 194 485 totam
227 438 295 479 hodie
322 439 435 494 Europam
460 436 590 493 longissime
617 444 719 492 superet,
746 440 822 480 orbem

124 509 216 556 aequet:
237 510 307 552 eoque
328 510 390 536 nune
410 495 508 552 primum
531 495 616 543 sentio,
639 509 705 550 qrram
722 506 780 537 recte
797 508 822 537 tu

124 571 190 613 supra
206 562 224 609 §.
242 564 301 603 170„
321 555 398 594 Jalrrrii
413 552 513 594 studium
533 553 557 594 in
578 554 693 595 asserenda
714 553 820 605 burnonis

123 611 240 673 praesidiis
269 609 313 649 fide
339 609 575 653 historiea'lihrorum
602 611 712 666 improbes
720 606 739 660 ;'
754 624 822 665 quarn

123 682 183 715 recte
198 670 265 710 etiam
281 666 387 722 Magister
404 678 456 708 tuus
473 669 559 710 dederit
574 675 681 725 operatus
692 678 718 708 ut
737 679 774 708 eos
794 668 821 708 li·

122 732 175 772 bros
191 741 230 784 per
246 726 361 777 impulsum
374 736 395 765 et
397 724 481 782 flatum
497 724 589 781 scriptos
612 728 747 782 comprobet.
783 725 822 766 Vi-

123 788 165 829 deo
179 785 242 827 enirn
257 792 329 824 tantos
345 785 459 824 thesauros
475 798 487 823 a
502 784 593 824 neruine
612 783 699 825 ratione
719 783 820 839 praedito

122 842 184 886 credi
199 854 261 898 posse
277 841 320 880 lide
335 841 446 887 latiniano,
467 841 505 881 sed
521 839 614 882 omnino
636 854 691 895 opus
708 855 755 881 esse
776 839 821 881 fide

123 900 263 958 prodigioso,
281 912 337 953 qrrae
353 897 428 937 locum
444 898 524 945 habere
540 910 587 938 non
602 906 688 953 potest,
703 898 746 938 nisi
759 900 819 950 juxta

126 958 259 1014 Magistrum
292 960 310 1007 ξ.
336 964 384 999 147.
411 954 513 995 desinant
537 968 582 996 esse
602 957 667 996 verba
694 955 756 1004 eius,
781 960 820 1011 qui

121 1014 241 1070 scripserit.
272 1013 372 1068 intelligo
390 1013 493 1057 demum,
517 1024 557 1053 cur
570 1012 633 1054 vobis
649 1025 714 1054 curae
729 1027 775 1054 non
792 1012 821 1054 sit

121 1077 220 1115 humana
242 1085 314 1112 sacrae
334 1068 440 1111 historiae
462 1067 530 1116 fides,
550 1084 655 1126 magnum
677 1070 739 1110 enim
759 1083 820 1111 com.

120 1128 230 1188 pendium
255 1139 300 1173 est,
322 1128 425 1169 adsersus
447 1128 520 1167 hostes
542 1126 586 1166 lide
606 1126 649 1167 niti
671 1127 759 1177 divina
781 1143 819 1168 ne-

122 1201 166 1245 que
183 1185 261 1228 dubito
278 1185 312 1227 vel
328 1182 533 1240 pertinacissimum
550 1182 722 1225 incredulorum
735 1186 819 1225 demis,

119 1259 198 1289 surum
213 1242 304 1294 oristas,
321 1241 360 1282 uhi
376 1241 410 1281 illi
426 1240 578 1291 ostenderitis,
596 1242 655 1297 quod
670 1241 751 1298 ipsi‘hi
766 1242 818 1284 libri

118 1314 191 1349 semet
203 1297 294 1341 'divinos
311 1313 356 1340 esse
372 1297 475 1340 asserant?
493 1301 566 1353 (salira
582 1304 600 1350 ᾗ.
617 1302 677 1354 139.)

179 1357 238 1416 Quia
252 1372 306 1399 vero
321 1359 375 1397 luteo
390 1365 450 1397 tanta
467 1369 536 1411 opum
551 1356 585 1397 vis
609 1357 691 1411 templo
715 1356 816 1411 impendi

119 1432 167 1462 non
184 1414 270 1472 potuit,
290 1413 387 1456 maxima
403 1422 464 1468 parte
480 1414 554 1454 adhuc
566 1414 694 1469 superstites
709 1427 754 1455 esse
770 1428 816 1455 uon

119 1473 216 1518 dubium
232 1482 275 1518 est,
293 1484 364 1526 eoque
379 1473 471 1516 restris,
487 1469 519 1510 rui
543 1473 632 1523 Comes,
647 1470 742 1512 fortunis
759 1484 817 1526 egre·

113 1531 157 1589 *gie
172 1529 300 1576 consulam,
316 1529 335 1568 si
352 1528 453 1567 animum
472 1526 618 1576 induxeritis,
639 1527 760 1572 amicitiam
781 1543 816 1569 oo*

118 1591 166 1632 lere
190 1590 242 1629 'cum
264 1587 390 1628 Neutericis
409 1585 433 1623 in
455 1596 574 1638 posterum
613 1587 663 1627 Hoc
682 1600 734 1640 ergo
751 1596 815 1639 paeto

117 1644 172 1689 audi
189 1643 250 1699 quod
266 1644 365 1684 dicturus
383 1655 440 1682 sum.
471 1644 553 1682 latent
575 1642 625 1684 illae
645 1643 767 1684 hodiedum
790 1644 815 1684 iu

117 1703 241 1745 visceribus
257 1699 340 1741 montis
355 1702 457 1748 Mariae,
474 1699 511 1739 cui
531 1700 640 1754 templum
659 1714 699 1755 per
718 1701 815 1742 Salomo-

117 1775 174 1811 nem
191 1758 324 1814 impositum
344 1767 376 1799 est
388 1760 422 1811 e),
443 1767 464 1795 et
486 1758 513 1796 de
534 1757 598 1798 cuius
619 1757 766 1798 subterraneis
782 1774 815 1799 oa=

116 1817 185 1860 meris
199 1816 251 1858 vide
267 1816 326 1858 Libr.
343 1826 362 1859 1.
379 1815 449 1857 Perat.
458 1810 504 1874 f),
533 1816 674 1856 Ezechielem
685 1816 711 1868 g)
736 1825 757 1855 et
773 1817 815 1856 Ta·

117 1876 190 1917 cirum
200 1876 231 1923 d).
262 1875 285 1914 Si
301 1885 375 1914 autem
390 1882 477 1927 praeter
493 1871 624 1927 opinionem
638 1887 710 1913 metim
726 1873 762 1912 hie
781 1873 814 1914 ni-

117 1932 151 1973 hil
167 1932 232 1980 foret,
246 1930 359 1987 reperietis
375 1938 434 1971 certe
448 1929 472 1969 in
490 1939 566 1970 monte
583 1930 644 1976 Sion,
660 1929 684 1969 in
696 1931 813 1985 sepulchro

116 1988 210 2031 navidis
226 1991 259 2043 i),
276 1990 302 2029 de
319 2002 363 2043 quo
378 1985 466 2029 Flavius
481 1988 587 2043 Iosephus
605 1986 696 2029 scribit:
734 1990 813 2043 „Sepo

117 2047 170 2089 livit
185 2055 259 2087 autem
275 2046 386 2087 Davidem
401 2043 504 2086 Salomon
513 2045 674 2098 Hierosolymis
686 2043 813 2100 magnifice.

115 2105 200 2147 Multas
223 2104 291 2144 etiam
313 2104 459 2158 ingentesque
482 2101 569 2142 divitias
591 2116 641 2142 eoin
659 2116 684 2143 eo
704 2101 812 2157 sepelivit,

116 2175 212 2218 quarum
233 2161 412 2217 magnitudinem
437 2158 501 2200 facile
526 2158 556 2199 sit
581 2162 703 2211 conjectare
725 2173 752 2200 ex
774 2159 810 2209 iis,

115 2232 173 2275 quae
189 2218 290 2260 dicturos
305 2233 360 2259 sum.
391 2220 449 2259 Nam
465 2228 515 2272 post
531 2219 596 2261 1300v
607 2230 678 2257 annos
698 2219 812 2261 Hir-canus

113 2275 216 2332 pontifex
232 2286 372 2331 oppugnatus
394 2277 419 2316 ab
440 2275 551 2316 Antiocho
573 2272 626 2321 Pio,
647 2274 724 2317 volens
744 2288 810 2330 pecti·

113 2332 175 2374 niam
192 2332 213 2373 ei
236 2334 299 2383 dare,
322 2343 348 2373 ut
370 2331 487 2375 obsidione
507 2330 638 2383 abstineret,
662 2342 736 2387 aperta
754 2332 809 2375 cella

112 2403 159 2431 una
174 2388 307 2431 monimenti
329 2390 431 2436 Doridis,
447 2399 468 2430 et
489 2388 542 2429 inde
558 2388 678 2443 deportatis
691 2391 762 2431 tribus
775 2398 810 2431 ta·

113 2449 221 2490 lentorum
233 2448 329 2490 millibus
350 2448 419 2499 (iuxta
439 2445 543 2501 Magistri
563 2447 687 2494 calculum,
711 2447 735 2487 in
756 2460 809 2489 auro

113 2517 272 2556 2ot,500‚01to,
289 2505 312 2546 in
329 2515 419 2559 argento
441 2509 568 2555 ostrithotto)
591 2514 676 2559 partem
698 2504 809 2547 Antiocho

112 2563 180 2606 dedit.
211 2566 261 2605 Post
275 2565 337 2604 hunc
351 2563 453 2605 Herodes
467 2576 518 2614 rea,
534 2561 576 2602 alia
593 2562 649 2603 cello
665 2563 758 2612 reclusa,
774 2561 809 2603 in-

111 2663 249 2675 Ν-

139 2734 159 2786 ε)
172 2734 264 2777 ararat.
277 2743 302 2784 s,
318 2745 338 2779 1.
365 2734 392 2790 f)
405 2742 439 2779 rs
458 2744 492 2779 11.
521 2736 546 2789 g)
556 2742 582 2780 s,
599 2743 689 2779 r—rr.
701 2705 708 2711 μ’
720 2735 820 2793 atriu„

166 2792 217 2835 Lib.
230 2800 249 2838 5.
260 2793 285 2836 C.
296 2803 330 2837 12.
360 2795 470 2851 ottae&
482 2803 501 2846 2,
519 2803 552 2838 to.
569 2793 661 2844 Cotta,
678 2801 699 2838 7.
