1686 3135
380 129 481 193 -aea
510 159 539 173 -

111 265 182 333 gustis
192 263 330 316 sinibus‚‘ut
340 262 529 320 Heroopolitanus
541 273 582 316 eat,
598 265 625 307 ab
639 265 705 309 litore
718 266 807 310 recedet

111 334 235 377 introrsum
243 319 254 376 ,⁴
265 320 470 380 amplissimumque
481 321 577 378 spatium
594 322 669 371 offert.
690 324 734 367 ubi·
748 323 806 366 inei*

111 380 176 429 senso
189 383 245 437 pede
258 383 366 430 decurras,
382 380 443 436 quod
451 375 514 420 aecus*
526 379 589 436 aquis
598 391 733 432 contectum,
749 377 806 424 adiri

112 453 124 481 a
137 438 229 480 nemine
239 448 330 495 poterat.

172 497 196 538 Si
215 496 275 537 dices
288 498 330 536 hac
347 495 433 537 ratione
451 494 568 537 transitum
590 496 743 538 Hebraeorum
759 501 805 539 nen

112 549 201 596 differre
216 569 227 595 a
244 554 314 595 ductu
330 552 455 596 Alexandri
469 568 508 608 per
529 568 588 595 mare
606 554 760 609 Pamphylium
772 561 805 607 a),

112 624 152 653 aut
176 614 287 661 Scipionis
304 611 332 650 ad
349 609 438 652 moenia
457 611 598 667 Carthaginis
607 612 643 666 b),
661 612 805 654 vehementer

111 665 206 716 falleris,
227 682 270 709 nec
284 666 325 709 tibi
336 681 436 724 unquam
449 670 492 709 hoc
503 668 564 709 dabit
576 669 708 716 Michaelis,
727 668 768 710 etsi
779 669 805 710 in

110 726 171 768 notit
188 726 213 767 ad
233 726 302 767 azxod.
319 736 359 775 14,
382 736 415 769 19·
437 737 471 771 20.
490 741 538 781 pag·
552 736 586 775 60,
597 726 686 774 scribit,
715 728 804 779 „Moses

109 783 251 832 „heschreibt
262 782 298 824 die
314 783 486 839 Austrocknung
506 785 542 824 des
559 784 686 827 arabischen
702 787 805 827 Meerbu·

109 841 249 894 „sensnicht
266 841 298 880 als
315 842 352 897 eirr
369 839 575 896 eigentliches
593 842 736 892 Wunder,
753 856 806 884 son-

111 900 183 952 „dem
197 899 227 940 ale
237 898 272 939 die
290 897 399 954 Wirkung
411 899 473 939 einer
484 899 626 951 natiirlichen'
641 899 750 948 Ursache‚
768 899 805 940 die

109 960 180 1009 „Gott
196 954 316 1011 gebraucht
330 956 381 1008 hat,
403 955 440 997 dea
454 955 558 1005 Windes;
572 957 620 998 und
635 971 704 1000 wenn
719 962 805 999 manes

109 1013 209 1063 „fiirein
226 1014 327 1070 Wunder
340 1011 378 1053 im
393 1023 563 1070 strengsten
578 1015 737 1058 Verstande
752 1028 806 1054 aua·
840 1044 842 1046 -

106 1070 192 1127 „gleba
211 1085 236 1113 ao
246 1069 405 1125 widerspricht
416 1085 468 1112 man
478 1067 556 1112 seinen
564 1075 681 1113 Worten.“
710 1074 805 1113 Adverte

108 1127 143 1171 mi
159 1129 246 1175 eomes,
262 1141 308 1169 non
321 1126 366 1169 dici
379 1160 385 1177 ,
399 1127 424 1168 in
442 1129 537 1170 transitu
549 1144 595 1170 non
609 1143 655 1170 esse
667 1128 804 1186 prodigium,

104 1187 149 1238 ,aed
164 1186 311 1228 retectionem
328 1184 394 1226 fundi
408 1200 455 1229 non
473 1200 520 1236 esse·
535 1186 663 1243 prodigium
680 1201 746 1229 sensu
757 1181 804 1229 ttri-

107 1242 223 1293 .etiesim0;
244 1244 305 1299 quod
320 1251 342 1284 et
358 1253 383 1284 tu
399 1243 447 1285 eine
470 1241 599 1284 difficultate
615 1243 688 1294 dabis,
713 1244 765 1300 quia
779 1253 805 1285 er

109 1311 178 1344 vento
195 1298 272 1342 valido
289 1309 310 1342 et
328 1299 439 1342 contrario
457 1299 523 1342 fundi
537 1300 630 1342 nudatio
648 1302 754 1342 naturalia
772 1316 805 1342 se-

110 1358 176 1414 quela
187 1357 236 1400 fuit.
266 1354 352 1399 Similia
364 1358 421 1399 facta
429 1358 536 1402 habemur
551 1368 573 1398 et
588 1357 652 1406 alibi,
666 1368 724 1399 certe
735 1359 803 1400 Num.

106 1427 146 1464 11.
156 1412 282 1457 coturnices
293 1424 331 1457 aut
343 1414 454 1471 quidquid
465 1425 539 1461 erant.
555 1430 601 1456 non
612 1425 664 1458 eunt
676 1422 729 1457 tu'nc
743 1430 804 1457 crea-

109 1483 158 1522 tae,
177 1473 217 1513 sed
234 1483 260 1512 ut
273 1488 294 1514 v.
312 1482 346 1517 31.
365 1474 584 1527 expressehabetur,
606 1473 731 1530 epartibue
743 1484 803 1514 trans

110 1544 172 1572 mare
188 1544 229 1585 per
247 1539 340 1571 ventum
355 1530 380 1571 in
397 1532 550 1572 Hebraeorum
566 1540 635 1571 castra
645 1531 735 1574 delatae.
765 1534 804 1571 Eat

109 1601 163 1643 ,ergo
174 1597 197 1629 et
206 1586 311 1629 coturnix
320 1596 342 1627 et
353 1597 432 1629 ventus
448 1601 536 1643 prorsus
552 1587 668 1638 naturalis,
695 1598 804 1629 verumta-

110 1659 164 1685 men
179 1642 321 1700 prodigium‚
342 1654 451 1699 quatenus
465 1645 525 1700 quod
540 1646 618 1685 eodem
633 1642 705 1700 capite
718 1644 804 1700 praedi·

110 1711 173 1743 ctum
183 1701 239 1750 fuit,
254 1715 296 1744 nec
307 1700 438 1744 naturaliter
448 1701 574 1758 praevideri
589 1702 670 1759 patuit,
685 1702 804 1760 impletum

109 1768 148 1802 est·

405 1868 423 1916 §·
453 1867 503 1910 233.

168 1943 236 1986 Nunc
250 1943 325 1986 audias
335 1943 465 1994 Michaelis,
480 1958 526 1987 nen
539 1944 566 1985 de
579 1938 728 1987 denudatione
737 1943 803 1998 fundi

110 2000 191 2052 maria,
215 2003 255 2044 eed
273 2003 300 2043 de
317 2012 364 2044 toto
378 2002 436 2044 facto
455 2001 576 2056 judicium:
612 2003 670 2053 „Die
687 2004 803 2044 Austro‘ck-

108 2075 188 2116 „nung
196 2061 262 2101 selber
273 2074 322 2103 war
333 2060 445 2102 natiirlich
454 2060 502 2100 und
511 2059 564 2100 kein
575 2061 688 2108 Wunder,
704 2060 802 2101 eondern

109 2118 161 2171 „ein
168 2120 237 2159 Werk
248 2115 288 2158 der
296 2116 428 2168 ProvidenZ,
444 2117 481 2159 die
491 2115 527 2158 ein
538 2117 592 2157 Volk
604 2120 802 2172 vomUntergange

109 2192 156 2228 „zu
173 2185 244 2217 retten
261 2176 400 2218 besehloasen
413 2177 485 2217 hatte:
504 2172 571 2215 allein
589 2174 625 2226 die
641 2174 734 2232 gewisse
748 2176 803 2228 Vor-

108 2235 251 2288 „hersehung
262 2231 342 2279 dieser,
357 2233 421 2274 nicht
431 2243 490 2277 etwa
505 2230 689 2289 gewdhnli'chen,
705 2231 802 2273 sondern

109 2291 220 2343 „seitdem
234 2288 278 2333 wir
294 2290 426 2332 Geschichre
438 2292 521 2337 haben,
541 2303 585 2329 nur
603 2290 640 2330 ein
660 2289 802 2345 einzigesmal

109 2349 277 2404 „geschehenen
287 2348 441 2404 Entblilssung
452 2348 489 2388 dea
499 2347 588 2389 Bodens
598 2348 637 2388 der
647 2350 694 2394 See,
708 2361 757 2390 avar
766 2345 802 2399 im

109 2407 233 2458 „hiichsten
243 2405 301 2445 Grad
311 2404 488 2455 iibernatiirlich,
506 2405 552 2445 und
568 2403 604 2445 ein
616 2407 671 2445 eben
684 2419 707 2445 ao
719 2405 802 2444 starker

109 2461 215 2515 „sseweis
227 2461 266 2502 der
277 2460 400 2516 giitth'chen
414 2463 524 2517 Sendungl
531 2463 606 2509 Mose,
629 2464 659 2503 ale
675 2462 754 2517 irgend
765 2459 802 2499 ein

108 2520 226 2575 „Wunder
237 2532 290 2574 seyn
302 2520 369 2562 kann.
398 2522 444 2562 Der
457 2522 533 2574 Mose,
549 2520 588 2561 der
600 2518 648 2561 sich
660 2533 716 2576 ganz
728 2517 802 2562 wider

108 2625 247 2633 ——--—-

137 2686 160 2738 a)
171 2675 245 2723 Strabo
261 2674 464 2736 Libr.÷X1V.2pag.
487 2687 536 2734 666,
554 2679 594 2719 Ed.
609 2680 673 2722 Paris.
707 2678 736 2733 lb)
750 2674 800 2720 Liv.

165 2742 298 2855 ξὶἰέἓῃῒῑιίὃτ.
313 2740 388 2812 ΧΧἮἼ
411 2742 428 2790 §·
447 2745 482 2783 45.
512 2737 570 2779 Tem.
587 2745 607 2781 4.
625 2752 674 2796 pag.
691 2747 740 2794 365.
759 2732 801 2777 Ed.
817 2747 819 2750 ’
