1686 3135
444 157 535 202 30-

105 274 257 332 spiriendu‘m,
272 278 339 320 verbo
350 277 377 319 ad
389 277 568 334 cognoscendum
580 279 726 322 hebraeorum
735 293 801 322 usum

104 335 221 391 loquendi.

166 396 246 434 Annon
260 392 332 448 legisti
349 392 376 433 de
387 391 497 433 hebraicis
506 403 593 434 tantum
604 405 626 436 et
637 397 725 446 piraticis
736 410 800 451 quae-

105 452 137 498 ri,
155 452 255 508 adeoque
268 452 364 491 adhunc
377 464 444 491 usum
456 464 501 492 non
514 464 560 491 esse
577 465 626 500 eos,
644 453 682 508 qui
696 464 799 495 neutram

104 512 206 568 linguam
217 506 348 549 novissent?
380 509 459 549 tlnnon
470 507 553 555 vidisti,
573 510 631 565 quod
648 520 694 550 toto
709 511 748 551 illo
765 524 800 550 ca-

104 569 152 627 pite
171 578 179 610 t
199 566 266 607 unice
278 574 327 620 agat
345 565 372 606 de
388 563 543 621 philologieis,
564 568 590 607 de
609 567 798 623 augustenses,

106 631 153 679 eJus
169 622 348 668 conservatione.
365 623 391 663 de
403 623 526 664 defectibus
539 634 560 664 et
575 624 690 673 remediis,
711 626 737 666 de
756 624 799 664 lin·

105 683 155 741 gnis
173 680 286 736 cognatis,
307 694 383 720 earum
400 680 475 720 indole
495 691 517 721 et
533 692 610 723 mutua
630 684 748 729 relatione,
771 682 798 724 de

105 737 252 794 etymolouia,
275 738 301 778 de
317 735 446 779 versionum
461 752 502 779 usu
515 738 538 779 iu
558 742 618 782 huuc
629 740 708 788 finem,
724 755 749 781 ac
762 741 799 780 de·

104 812 168 841 mum
181 797 260 836 eodem
271 794 320 851 ipso
329 800 347 847 ᾗ.
360 807 393 841 oo.
406 795 432 835 de
444 797 522 837 Flavio
534 799 629 851 serapiae
640 809 662 839 er
675 798 797 840 Purattu?

103 857 160 904 Dic,
175 855 280 897 obsecro.
297 854 350 907 quid
365 854 400 894 his
411 854 476 895 rebus
489 868 541 895 cum
557 869 580 895 ca
593 856 723 898 Traditione
738 871 797 898 com·

103 928 172 956 mune
182 922 225 957 est,
242 924 308 966 quam
322 926 332 951 e
344 909 444 952 Patribus
460 910 529 951 sumit
543 913 657 953 Ecclesia?
689 915 796 964 ivlulturn,

102 972 134 1013 mi
146 973 238 1017 Comes,
253 982 333 1023 exque
345 965 430 1009 anobis
443 967 560 1009 discessisti
569 980 666 1011 mutatus
678 985 706 1011 es.
739 971 795 1012 Octo

103 1027 164 1070 onim
181 1025 327 1067 Decisiouum
344 1027 428 1065 Tomos
439 1023 469 1065 ira
482 1026 547 1066 nobis
559 1025 652 1067 fideliter
665 1028 753 1080 dedisti,
769 1039 797 1070 ut

101 1086 163 1143 quod
179 1087 255 1134 spurt,
284 1085 311 1123 de
328 1084 402 1123 chana
422 1082 449 1122 ad
463 1097 571 1138 papyrum
588 1083 698 1125 serviliter
719 1085 796 1127 omnia

51 1138 53 1147 ⁵
101 1141 271 1190 transcriberes,
298 1139 352 1196 quin
375 1139 498 1195 quidquam
515 1142 605 1182 adderes
629 1143 656 1183 de
676 1152 728 1194 tuo;
754 1158 795 1185 eur

101 1215 154 1255 ergo
164 1199 202 1241 hic
211 1209 256 1239 tam
269 1198 336 1240 libere
347 1198 428 1253 fingis.
446 1198 505 1252 quod
522 1212 637 1253 uunquam
646 1201 734 1255 scripsit
742 1204 794 1243 Jalr-

100 1257 170 1301 nirrs?
206 1257 248 1298 Sed
265 1257 291 1295 de
309 1258 350 1295 hac
367 1265 404 1295 tua
425 1253 509 1294 virtute
525 1265 574 1309 post
592 1257 656 1310 plura
675 1259 793 1302 dabuntur.

100 1318 192 1359 Caetera
210 1328 266 1369 quae
286 1312 417 1360 deblateras,
432 1311 467 1352 uti
484 1322 505 1352 et
521 1316 576 1363 jacta
593 1314 617 1353 in
635 1329 675 1355 nos
691 1316 793 1360 convicia

100 1383 227 1431 praetereo,
238 1383 264 1413 ut
275 1385 342 1424 ocyus
354 1382 393 1412 tuo
413 1370 519 1425 Magistro
531 1373 682 1426 respondeam.

406 1501 425 1549 §.
454 1507 490 1543 22·

277 1606 450 1671 Respoudctur
472 1608 610 1670 Magistro.

157 1708 182 1747 In
203 1705 274 1761 prima
291 1706 462 1747 haesitationum
482 1706 556 1745 Herm.
572 1703 670 1745 editione
685 1705 711 1746 de
728 1716 791 1753 1307,

99 1764 207 1824 quoniam
222 1764 248 1804 de
261 1763 373 1831 principio
387 1775 440 1802 usus
452 1759 559 1816 loquendi
569 1762 676 1802 ‘noudum
688 1762 744 1805 fama
763 1767 791 1807 ad

98 1822 232 1878 Magistrum
242 1832 307 1862 tuum
318 1829 453 1876 pervenerat.
471 1817 528 1858 nihil
540 1818 607 1858 etiam
618 1833 713 1874 supereo
724 1822 791 1877 litigi.

99 1883 166 1928 tavit;
182 1880 293 1919 sedhanc
304 1883 411 1930 jacturam
427 1887 487 1918 tauto
505 1876 621 1917 sollicitius
639 1874 791 1936 compengffissst

98 1939 122 1979 in
136 1935 235 1978 editione
254 1936 320 1977 altera
340 1937 367 1976 de
385 1944 441 1981 1817
459 1933 517 1974 etin
533 1935 608 1974 Iussit.
624 1936 698 1977 Herm.
714 1940 744 1978 N.
766 1940 794 1978 T.'

97 1997 125 2037 de
137 2002 192 2040 1818
204 1998 235 2050 a).
268 1994 354 2048 Duplex
365 2006 445 2048 scopus
462 2000 494 2033 est
506 1991 565 2032 docti
580 1991 678 2033 sudoris:
698 1991 789 2049 primur,

95 2055 200 2105 salarium
216 2066 293 2093 secum
311 2049 449 2106 ineptissime
462 2059 596 2104 pugnantem
608 2052 737 2098 ostendere,
754 2053 788 2092 in-

96 2111 224 2153 desinenter
234 2110 348 2163 murdere.
363 2119 385 2148 et
396 2107 478 2148 derisui
490 2106 596 2158 objicere:
613 2108 672 2161 quod
683 2108 701 2147 si
713 2124 724 2148 e
735 2121 787 2150 voto

95 2169 206 2216 cessisset,
223 2167 290 2208 elisus
303 2181 348 2207 una
358 2165 469 2207 videretur
479 2173 500 2203 et
511 2178 562 2206 urm
575 2164 684 2217 lnqrrerrdr'.
720 2167 787 2214 Alter,

94 2225 178 2282 linguis
188 2221 285 2281 cognatis
307 2239 374 2265 usum
385 2220 492 2278 loquendi
504 2222 653 2261 Hebraeorum
670 2224 723 2263 adeo
740 2238 786 2265 nort

94 2282 181 2332 iuvari,
197 2293 222 2322 ut
233 2279 307 2336 potius
321 2284 382 2322 hunc
392 2280 415 2319 in
429 2279 507 2328 linem,
523 2276 540 2316 si
553 2274 600 2319 illas
611 2292 677 2333 quam
691 2282 787 2327 maxime

93 2332 181 2391 uncas,
195 2337 287 2379 inutiles
299 2352 386 2392 prorsus
398 2336 520 2390 sistatque
532 2335 627 2391 ineptae,
658 2338 701 2378 Sed
715 2337 787 2394 prius-

96 2411 163 2456 quam
180 2407 201 2439 te
218 2396 311 2441 ducam¹
332 2395 364 2435 mi
384 2398 475 2435 temes¹
499 2409 536 2448 per
552 2393 651 2447 singula,
673 2396 787 2436 monitum

96 2456 155 2503 volo,
168 2454 227 2495 utin
239 2452 286 2507 ipso
297 2456 341 2504 jam
350 2451 428 2492 limine
438 2451 506 2507 probe
516 2462 589 2491 teneas
601 2467 661 2492 risam
676 2454 785 2508 loqrtaudi,

95 2526 164 2569 quem
180 2510 282 2569 sequitur
300 2511 408 2566 Magister
425 2519 490 2559 tuus3
511 2508 606 2562 scilicet,
626 2510 687 2550 aliud
705 2511 785 2573 (licere²

92 2627 232 2637 „mm-...-

91 2675 118 2751 ἐι)
131 2696 157 2738 V.
173 2695 197 2734 Τ.
214 2697 275 2735 Tam.
292 2673 420 2746 216οᾸ-
435 2702 470 2739 62.
486 2709 534 2750 pag·
550 2702 591 2738 t3-'t
602 2717 624 2724 -=
639 2703 695 2739 113..
724 2696 785 2741 'sorra

102 2772 103 2778 ¹
152 2763 173 2798 3.
188 2757 205 2803 ὅ.
222 2762 263 2797 9---
276 2760 309 2798 ts.
324 2769 372 2810 pag.
384 2763 443 2797 13—
452 2763 486 2798 31.
510 2763 531 2795 et
542 2755 600 2796 Nor.
615 2754 680 2795 Tem¹
690 2756 758 2797 Tora..
768 2756 785 2798 1.

98 2853 101 2856 ,
151 2816 283 2863 §.att—tt.
298 2813 491 2868 Pagasas-158·
