1686 3135
305 153 408 228 -tts
435 184 466 211 -υ

35 307 61 351 tn
79 301 156 346 medio
180 298 319 356 reipublicae
334 297 416 353 degant
430 306 538 343 extorres,
553 293 607 354 legis
621 296 735 355 praesidio

35 361 108 409 exuti,
124 359 176 404 odiu
192 357 283 414 publico
298 354 387 403 traditi,
409 365 434 396 et>
445 354 473 395 ad
488 365 570 396 vestras
584 354 676 408 injurias
691 355 736 398 im·

35 435 97 481 pune
109 418 207 475 projecti.
237 416 322 467 Videte,
336 427 365 455 ne
380 412 493 455 muntium
509 412 664 470 sylvarumque
680 414 734 456 soli·

35 480 91 521 tudo
111 476 172 518 civili
192 485 264 518 vestra
284 470 444 524 conjunctione
462 469 538 527 potior
563 468 604 519 sit,
626 470 736 529 armagis

36 534 165 593 expetenda.
468 529 470 532 ¹

94 603 138 645 Sed
158 615 187 646 ne
206 599 261 656 quid
280 598 468 641 contumeliarum
488 599 585 648 abesset,
606 598 738 641 haeresibus

36 660 138 709 convicia
154 659 260 700 innuistis
266 673 273 708 ;
295 656 444 712 inspectisque
465 657 570 700 cordium
589 656 695 707 secretis,
712 665 737 699 et

37 717 110 764 divini
129 715 209 770 judicii
233 715 350 771 exploratis
372 713 470 762 arcanis,
484 715 554 770 probe
570 714 654 763 nostis,
674 717 737 757 Neo·

35 778 118 822 tericos
133 778 226 828 „plenos
241 786 289 814 esse*
302 776 360 814 ornari
375 773 426 814 dota
445 782 468 814 et
479 770 591 830 fallacia,
610 773 670 828 iiiior
684 774 736 817 dia·

36 836 90 885 boii,
116 834 220 875 inimicos
234 832 355 892 justitiae,
376 844 452 872 servos
467 832 579 886 peceati‘*
612 832 695 886 (Supra
710 836 736 883 ¹§.'

36 894 85 945 tt.)
114 894 230 946 Superest,
244 899 270 929 ut
285 903 326 945 pro
343 888 425 943 quibas
441 887 553 943 publicam
569 887 735 930 confessionem

35 948 149 995 edidistis,
166 948 250 989 eisdem
263 946 312 1002 pari
327 943 520 990 commiseratione
536 945 602 987 etiam
618 945 735 1001 poeniten-

36 1010 93 1052 tiam
107 1007 131 1048 in
147 1005 242 1053 salutem
258 1003 397 1060 injungatis;
413 1003 458 1044 nisi
473 1003 530 1043 forte
545 1003 570 1044 in
585 1003 736 1050 'cacodaemon

35 1081 76 1114 ,res
92 1075 113 1110 et
129 1074 217 1109 saraitae
233 1061 342 1106 antistites
362 1074 399 1102 eos
420 1058 524 1115 deinceps
545 1070 631 1102 vertere
648 1060 736 1101 mavul-

35 1125 79 1173 tis,
94 1135 147 1163 eum
163 1118 231 1161 huius
245 1119 334 1176 generis
348 1132 414 1167 voees
429 1116 542 1163 intervos
557 1131 605 1163 non
618 1117 735 1165 inauditae

34 1181 88 1224 sint.
150 1192 151 1195 ’

94 1239 273 1279 Haeehactenus
289 1236 316 1278 de
330 1232 428 1292 personis
449 1232 547 1291 privatis.
581 1236 609 1284 In
630 1247 676 1291 quo
697 1248 735 1278 aua

35 1308 81 1353 tem
98 1295 144 1336 falli
157 1309 221 1351 posse
237 1308 352 1335 censorem
364 1308 413 1343 ,non
435 1290 572 1348 speravisse,
593 1292 665 1335 Roma
685 1307 737 1348 pro-

35 1355 110 1397 visum
131 1365 170 1394 est.
205 1353 266 1407 Quas
288 1350 349 1392 enim
370 1364 410 1399 vos
431 1349 456 1395 in
474 1347 591 1404 scriptores
608 1350 737 1396 contulistis

35 1409 171 1461 calumnias,
187 1408 269 1453 sodalis
284 1418 357 1450 vester
372 1423 412 1464 pto
427 1422 467 1454 sua
488 1407 595 1452 altissima
613 1408 735 1463 prudentia

36 1470 64 1511 ad
86 1466 186 1510 dustriae
205 1465 327 1521 imperium
348 1464 472 1516 transtulit,
493 1462 519 1504 in
540 1479 600 1521 quo:
631 1468 735 1519 „Religio

34 1528 114 1575 divina
130 1526 294 1567 coresidcrando
310 1527 372 1565 venir
392 1534 417 1565 nt
440 1525 564 1566 tunsarum
579 1524 736 1578 politicamqne

34 1593 155 1639 systerias„
170 1582 228 1641 qdod
248 1582 424 1636 cogitationibus
439 1582 545 1633 bominis,
568 1583 736 1624 variationibus

35 1641 137 1697 gnbernii
157 1656 185 1680 ac
202 1642 304 1693 partiunt
321 1639 511 1695 negotiationibus
525 1638 649 1697 subjicitur.
683 1641 735 1693 Ubi,

34 1702 92 1755 prob
109 1699 181 1742 Deum
197 1698 359 1741 immortalens!
365 1698 427 1758 fides
440 1712 455 1738 n
470 1697 536 1738 iaicis
549 1700 638 1752 pendet.
654 1714 670 1739 a
683 1714 737 1741 eort-

35 1755 196 1801 snitationibns
204 1752 267 1815 fori,
283 1771 298 1796 a
314 1771 429 1810 regnornm
441 1765 534 1803 sertata,
549 1765 572 1796 et
586 1758 736 1810 optimatibus

29 1816 192 1876 firmamentum
208 1814 291 1867 repetit
305 1813 353 1867 b).“
382 1814 462 1867 (Supra
479 1817 497 1863 §0
514 1823 555 1857 202
565 1823 659 1869 Β-203.)
680 1815 735 1856 Non

35 1881 122 1929 poterat
144 1869 182 1910 hic
202 1872 270 1910 homo
297 1869 422 1927 simplicius
446 1869 582 1912 calumniam
607 1870 735 1928 impingere

35 1927 150 1985 episcopis.
185 1928 229 1971 Sed
249 1925 331 1971 dehis
352 1926 439 1968 dictum
459 1927 519 1969 satis.
560 1928 633 1972 Beasti
659 1925 735 1971 autern

34 2002 87 2040 nos,
103 1985 136 2027 mi
150 1985 242 2037 Comes,
262 1982 302 2040 qui
316 1998 359 2027 nec
374 1985 498 2036 asperitate
519 1986 616 2041 regionis
638 1997 735 2039 nostrae,

34 2059 78 2091 nec
99 2052 227 2085 nostrorum
245 2044 339 2097 segnitie
359 2041 449 2083 territus
469 2046 592 2091 arzimornm
616 2048 693 2102 (supra
715 2050 734 2096 ξ,

36 2104 108 2156 soa),
127 2111 210 2155 paucos
228 2098 287 2141 intra
307 2113 377 2142 annos
394 2101 487 2140 tertium
506 2101 552 2142 iam
570 2102 602 2143 tui
617 2101 736 2159 spectandi

35 2157 125 2215 copiam
139 2156 203 2198 nohis
218 2156 304 2200 feceris.
334 2160 400 2200 Fama
417 2168 461 2204 est,
488 2158 512 2199 in
527 2172 609 2217 magno
625 2159 736 2202 comitatu

35 2230 145 2259 nonarum
165 2214 348 2257 dissertationum
368 2213 483 2257 advenisse
501 2227 532 2258 te.
570 2216 684 2273 Benigne:
701 2218 737 2259 sic

36 2272 99 2318 enirn
115 2271 213 2313 tarditati
228 2284 315 2315 nostrae
330 2272 447 2322 subvenis,
463 2271 539 2313 literas
555 2276 671 2329 provehis,
687 2289 735 2316 aca-

36 2330 132 2372 demiam
154 2343 230 2383 ornas,
252 2342 348 2387 tuaeque
367 2344 413 2370 una
432 2330 530 2372 consulis
550 2346 591 2373 seu
614 2346 736 2373 crumenae

34 2393 76 2429 seu
89 2387 177 2443 gloriae.
208 2390 240 2429 Ita
256 2386 361 2445 sapientis
376 2401 464 2443 semper
479 2388 535 2437 tait,
555 2388 736 2446 quamplurima

36 2444 60 2484 in
76 2445 153 2497 eadem
169 2458 192 2486 re
207 2448 325 2488 commoda
338 2459 450 2503 quaerere,
481 2445 505 2489 Si
521 2449 640 2503 Hodegurn
656 2448 736 2490 brutio·

34 2502 110 2561 polam
129 2512 206 2553 tuum,
226 2502 360 2556 sollicitum,
383 2514 408 2544 ut
428 2502 509 2557 audio,
532 2516 593 2546 terret
614 2504 735 2547 morositas

36 2569 148 2605 emtarum
168 2560 225 2612 (non
246 2560 308 2603 enim
322 2576 410 2617 semper
422 2575 461 2603 sua
476 2562 561 2604 meritis
577 2563 626 2604 laus
641 2567 693 2613 est),
710 2575 736 2604 tu

35 2614 94 2657 milri
112 2618 147 2659 fac
163 2617 264 2676 copiam,
285 2633 329 2677 qua
347 2619 502 2662 vehementius
517 2634 639 2663 accensam
653 2633 735 2678 'rerunt

36 2717 176 2729 ———--—-—-

65 2776 87 2831 b)
102 2779 163 2824 Libr.
176 2789 196 2826 3.
210 2780 256 2825 adv.
267 2782 318 2823 Rufi
332 2784 359 2822 T.
373 2789 393 2825 d·
403 2782 454 2826 P.'2
472 2795 495 2839 P.
507 2788 556 2828 tlt,
