1686 3135
352 162 510 209 *330-

83 280 160 323 Addo:
175 293 228 321 cum
242 293 284 321 nee
299 288 420 334 perpetuo,
442 276 522 324 necin
538 279 600 327 oriani
616 279 698 336 angulo
713 274 779 335 gene·-

83 339 128 379 rale
143 336 265 379 concilium
281 335 376 390 reperire
392 337 432 386 sit,
448 337 496 383 dic,
517 351 545 376 au
567 336 687 392 dogmatici
710 338 778 378 fidem

83 405 222 442 inescantur,
234 396 287 435 <lum
303 408 341 448 per
356 408 446 436 omnem
460 391 600 447 superficiem
615 403 686 434 terrae
695 396 777 450 sparsi,

83 451 109 492 in
125 453 225 507 angustis
239 461 303 507 saepe
319 453 404 493 cellulis
419 452 580 502 declamantes,
597 451 697 492 adductis
711 456 779 508 longo

84 509 164 551 ordine
177 510 293 553 Patribus.
314 524 340 550 cx
361 510 480 551 traditione
500 511 594 564 probant
616 508 717 562 dogmata
739 524 779 550 no·

85 569 146 610 stra?
175 569 222 622 Ego
238 564 328 621 quidem
342 567 368 616 in-
383 578 495 621 poete-rum
513 566 582 607 ductu
595 575 635 606 tuo
650 564 685 605 his
706 565 780 606 homi·

85 625 152 665 nibus
167 638 213 664 non
228 623 330 677 credam,
355 624 461 678 quoniam
480 623 538 663 nihil
559 627 614 664 cerri
629 638 656 662 or·
672 625 719 664 tuti
737 634 780 663 tra·

86 682 137 723 dere
153 689 251 735 possunt.
271 677 343 735 ‘Quin
360 680 378 719 si
394 679 450 720 mihi
471 679 586 736 quodlibet
606 681 707 738 generale
727 694 780 722 con·

86 739 163 779 cilium
179 747 229 778 anto
244 737 320 778 oculos
336 747 431 791 panant.
450 746 472 778 ct
487 736 622 780 decisionem
639 741 685 789 ejus
704 738 780 793 legens

85 797 137 836 dam
152 794 258 842 offerant,
274 793 352 834 ridebo
368 793 486 835 hominum
501 793 651 849 imperitiam,
673 794 712 848 qui
733 807 780 836 cre·

86 854 137 894 dere
151 866 188 893 me
202 852 294 903 jubeant
308 851 332 892 in
349 864 373 891 ea
389 866 422 900 rc,
440 853 466 891 de
482 866 526 906 qua
540 862 561 891 te
576 852 664 905 judice,
683 865 725 893 nec
744 848 780 890 illi

84 909 142 963 ipsi,
166 924 208 950 nee
233 922 272 963 ego
293 908 349 963 scire
369 907 455 963 aliquid
476 911 533 949 certi>
548 925 576 949 nc
598 912 645 951 tntt'
663 907 782 966 possimust

84 966 134 1008 Nisi
148 967 217 1011 forte,
235 966 288 1003 dum
303 964 350 1004 vivi
365 965 457 1017 judicis,
474 967 528 1007 dum
544 967 650 1008 ecclesiae
674 963 781 1006 infallibi-

84 1023 112 1065 lis
128 1035 176 1063 acta
189 1021 244 1077 leg-is
260 1022 284 1061 in
300 1023 400 1076 quolibet
415 1024 510 1077 generali
526 1023 634 1068 concilio,
655 1022 704 1063 aliis
724 1035 783 1064 ocu-

84 1081 127 1131 lis,r
148 1078 189 1120 alia
211 1078 291 1119 mentis
313 1077 360 1121 acie
380 1078 490 1120 divinitus
515 1078 641 1134 praeditum
662 1090 683 1120 te
708 1090 780 1134 putas.

85 1137 130 1194 Qui
146 1150 198 1191 ergo
214 1135 256 1176 ista
273 1151 319 1178 non
335 1137 454 1192 intelligas,
470 1136 533 1178 mitte
544 1138 602 1192 leges
612 1136 706 1178 scribere
718 1135 781 1184 aliis?

84 1194 218 1251 Magistrum
235 1204 298 1233 tuum
313 1193 402 1242 abdica,
420 1196 459 1247 qui
475 1195 591 1235 incautum
612 1204 634 1234 te
655 1197 698 1245 jain
714 1192 779 1234 toties

86 1252 179 1295 deduxit
197 1250 225 1291 ad
245 1265 351 1301 coenum,
371 1262 392 1293 et
412 1250 476 1292 cui-us
495 1252 520 1292 in
541 1265 567 1292 eo
588 1265 701 1292 summum
717 1250 780 1304 ingen

85 1310 150 1351 nium
166 1319 208 1357 est,
224 1310 282 1364 leges
298 1322 379 1365 rogare
390 1308 449 1363 aliis,
470 1322 525 1367 quas
538 1308 586 1368 ipse
601 1318 709 1367 perpetuo
730 1309 782 1350 nioa

84 1369 116 1410 lat
131 1370 238 1424 perjurus,
254 1371 270 1420 §.
284 1376 418 1415 104-2307,
606 1368 608 1370 ’

383 1465 401 1515 §·
432 1471 485 1509 213..

145 1539 247 1595 Ais-pag.
265 1549 330 1586 106ae
361 1544 456 1593 „insano
472 1540 539 1583 modo
559 1539 721 1582 ratiocinantur
739 1551 781 1584 no·'

86 1598 128 1640 stri
145 1608 297 1651 anteressores,
313 1598 383 1640 futilis
396 1613 421 1640 ac
436 1598 526 1654 puerilis
543 1598 635 1653 opinio⁴⁴
647 1600 782 1652 (Decretum-

86 1656 150 1697 Trid.
170 1658 274 1709 negative
295 1656 419 1711 explicare).
454 1663 540 1700 lterum·
557 1655 617 1696 ibid:
655 1654 781 1707 „Desinant

85 1723 158 1755 rectae
172 1712 255 1754 rationi
268 1713 399 1761 oblectatae
412 1722 434 1755 et
449 1728 498 1770 pag.
515 1723 563 1757 aas).
572 1713 598 1753 tle
608 1712 700 1753 iisdem:
716 1714 779 1761 „Fal-

85 1785 110 1813 sa
125 1784 153 1811 ac·
164 1770 310 1826 repugnantia
326 1770 429 1826 prosequi
443 1770 572 1826 gloriantur.
585 1784 634 1825 pag.
651 1780 707 1817 tto,
723 1771 779 1826 jugi-

83 1840 121 1869 ter
133 1827 254 1868 mendaciis
269 1827 424 1884 erroribusque
441 1826 555 1870 obnoxii.“
586 1828 643 1868 Tam
659 1829 781 1883 haecpon-

85 1887 174 1935 (lerose,
196 1894 221 1924 ut
236 1899 277 1926 nec
296 1884 434 1927 Aristarchus
456 1886 568 1940 quondam
583 1883 683 1940 {grat-ius.
719 1887 778 1926 Atta·

83 1957 137 1984 men
152 1942 195 1982 hoe
210 1940 259 1996 ipso
275 1953 387 1996 postremo
402 1943 468 1984 locor
481 1955 541 1994 „non
558 1943 667 1988 obstante,
681 1940 724 1990 ais,
741 1956 781 1983 eo-

83 2014 139 2043 rum.
150 2002 228 2051 jactata
243 1997 335 2040 scientia
349 2009 370 2040 et
386 1999 523 2051 eruditione,
543 2000 576 2040 nil
591 1999 652 2040 aliud
674 2008 726 2040 sunt
744 2014 778 2040 re-

83 2055 195 2115 putandi,
212 2069 279 2111 quam
294 2067 328 2097 tot
342 2056 454 2112 simplices
471 2056 596 2112 privatique
611 2058 733 2111 sapientes,
749 2056 781 2097 εἰ..

82 2129 113 2157 ne
129 2114 174 2154 ulla
189 2112 294 2156 missione
310 2115 348 2165 (an
362 2112 467 2168 divinal)
484 2125 506 2153 et
520 2113 681 2154 auctoritatel·‘
717 2115 778 2155 Con-

82 2171 141 2213 tenti
156 2181 219 2219 sum,
234 2172 266 2212 mi
287 2172 377 2222 Comes,
394 2172 438 2211 hoc
453 2170 526 2225 elogio
541 2172 670 2213 Neuterici:
693 2169 778 2212 missio-

83 2243 137 2271 ucm
153 2228 236 2268 habent-
250 2227 398 2279 ordinariam,
416 2238 441 2268 ut
460 2228 554 2285 quisque
569 2227 594 2267 in
611 2228 683 2270 officio
705 2227 777 2283 publi-

83 2301 124 2334 co,
140 2285 336 2326 extraordinariam
359 2300 412 2327 cum
433 2285 539 2342 apostolis
558 2295 580 2326 et
598 2286 710 2341 prophetis
729 2299 778 2341 non

80 2338 203 2399 appetril1t;
220 2353 273 2382 sunt
294 2341 391 2399 denique
410 2353 432 2384 te
453 2341 528 2396 judice
548 2346 671 2396 sapientem
692 2343 778 2401 inquo

82 2414 130 2442 non
145 2400 237 2454 vulgare
252 2398 380 2454 praedicas,
393 2414 447 2441 cum
461 2398 567 2442 scientiae
584 2411 606 2441 et
620 2401 710 2441 virtutis
729 2416 777 2441 ver·

81 2468 119 2499 tex
134 2454 243 2513 sapientia
257 2456 292 2498 sit.
322 2457 380 2497 Alibi
396 2459 488 2498 demum
503 2457 550 2506 ais,
569 2461 701 2501 Neoren'cor
720 2457 777 2513 vigi-
832 2508 840 2512 ἢ

82 2515 124 2557 lias
145 2524 215 2556 terere
245 2524 286 2567 „ut
302 2513 412 2557 immenso
432 2517 595 2570 propemodum
616 2530 694 2557 eorum
713 2515 778 2569 (suo)

80 2573 169 2620 labore,
186 2585 264 2613 eorum
280 2573 339 2626 (sua)
354 2572 481 2614 acutissima
497 2584 620 2615 exercentes
632 2572 732 2628 ingenia,
750 2583 776 2613 ut

81 2627 131 2671 aliis
146 2638 256 2683 praestare
270 2630 378 2685 possint.“
390 2644 440 2687 pag.
457 2640 505 2674 130.
535 2630 572 2674 Sic
587 2641 626 2683 est,
641 2630 673 2670 mi
689 2632 776 2676 comes,

81 2696 108 2726 ut
123 2686 190 2736 dicim
207 2700 278 2741 eoque
293 2687 327 2732 sie
340 2687 382 2730 tibi
397 2702 473 2730 omnes
495 2687 584 2730 foveant
598 2687 681 2743 superi,
704 2697 729 2727 ut
749 2696 777 2726 tu

80 2757 144 2785 nunc
163 2758 214 2785 vera
232 2744 321 2786 lucutus
342 2760 372 2788 er.
409 2747 521 2787 Praestare
541 2745 636 2803 cupiunt
660 2744 778 2797 Neoterici

80 2799 143 2855 aliis,
156 2802 244 2863 hocque
261 2801 336 2849 studio
350 2817 377 2848 eo
392 2802 492 2863 provecti
504 2814 569 2856 sunt,
588 2814 613 2846 ut
633 2803 710 2847 multis
732 2815 778 2845 me».
