1686 3135
314 174 361 229 ἱ·-
390 159 434 205 ars
462 163 491 187 ·-·
521 125 530 132 i‘

62 278 124 320 itaer
140 282 214 318 sutem
229 284 376 323 monumenta
396 275 480 318 tamin
497 276 553 324 lior,
575 289 641 331 quam
661 276 686 319 in
707 277 757 320 aliis

1 334 7 384 ’ξ
60 333 125 377 libris
140 333 253 377 rarissime
267 335 423 392 producuntur
437 344 460 374 et
474 334 521 374 fere
535 334 604 378 nulla.
635 332 691 378 Sunt
702 349 755 378 vero

1 398 7 441 3
60 393 86 432 in
102 392 145 432 hoc
160 391 216 434 libro
232 408 267 435 res
282 392 403 434 admodum
414 391 560 456 prodigiosae,
577 390 657 447 quibus
669 395 755 434 destrae

61 459 84 490 et
95 450 232 505 interpretes
251 452 366 492 Necterr'ci
387 448 453 488 amici
467 462 521 489 non
533 459 594 489 eunt
628 450 713 492 Hinc
706 451 755 492 lstis

60 506 184 559 cuniculis
201 519 223 553 et
238 507 350 549 trudendo
363 502 550 559 compositionem
567 507 636 548 huius
655 507 707 548 libri
727 508 756 549 ad

1 560 4 611 1
59 564 125 626 longe
141 565 252 620 posterius
268 576 370 618 tempus,
387 561 454 603 fidem
470 572 492 605 et
503 563 599 604 auctorit
592 573 658 606 tatem
673 578 757 606 conan-

60 630 97 662 tur
103 622 243 662 labefactare
258 619 377 668 historiae,
394 619 490 685 quaein
506 623 575 662 hocce
589 622 646 664 libro
661 633 693 664 est
707 618 756 676 a).“

106 677 176 727 nte,
192 677 224 719 mi
248 681 338 722 Comes
361 676 450 718 ansani
466 678 565 720 hominis
586 678 625 726 sit,
646 680 708 735 quod
727 681 754 721 ab

12 778 14 782 ,
59 745 138 800 angust
140 733 221 777 issimis
235 736 292 779 ideis
306 736 352 779 suis
369 736 453 788 deviet
470 736 560 777 devium
576 747 671 778 statuere
684 740 710 779 ab
721 752 753 779 re-

57 792 144 847 ligione
160 808 262 850 quoqne;
278 804 301 834 et
316 768 468 848 quaestioneirr
485 791 594 843 criticam,
610 794 753 859 adiaphorant

60 863 151 904 prorsus
167 864 232 895 sanae
247 849 393 900 doctrinae‚‘
386 864 410 890 m
427 860 583 904 argumentum
597 860 682 891 vertere
700 850 752 892 irre

58 905 161 1004 ligionis
167 918 200 949 tot
215 907 394 952 doctissimorum
415 906 535 948 virorum?
572 908 642 949 Cuius
662 909 751 949 tandem

60 962 150 1031 religio·
154 968 181 1007 ab
196 964 352 1007 conviciatoris
366 964 433 1006 huius
449 963 526 1019 lingua
540 964 659 1016 maledica
674 979 752 1007 secuta

61 1021 103 1062 erit
109 1050 116 1071 ,
133 1020 151 1063 si
165 1022 298 1065 maledicere
313 1024 341 1063 ad
356 1020 509 1064 orthodoxiam
524 1022 632 1076 pertineat
648 1032 669 1063 et
683 1022 753 1077 pieta·

59 1078 122 1125 tem?
152 1080 224 1121 Nemo
239 1079 299 1121 enim
319 1089 402 1137 praeter
422 1090 487 1120 tuum
506 1080 638 1135 Magistrum
658 1079 753 1120 interne

59 1147 120 1177 ratus
135 1135 188 1177 fidei
204 1148 227 1178 et
240 1137 356 1193 religionis
376 1136 475 1178 doctor
468 1151 492 1178 tn
508 1136 578 1190 patria
594 1144 637 1184 est,
652 1150 718 1191 supra
734 1141 752 1187 §.

61 1203 81 1238 6
108 1194 155 1241 Sit,
176 1195 195 1236 si
215 1195 247 1236 ita
267 1195 353 1235 sentire
372 1192 461 1235 libitum
480 1203 524 1236 est.
542 1194 609 1234 modo
630 1194 674 1260 qui
684 1192 753 1236 huius

56 1252 161 1293 adorator
183 1262 216 1294 est
237 1250 349 1316 dogmatis
366 1252 451 1296 videat
472 1266 502 1292 ne
524 1265 589 1292 saevo
609 1250 752 1292 1111111111-

60 1319 137 1350 scente
152 1307 231 1363 spiritu
250 1309 322 1364 prisca
342 1307 424 1349 iterum
439 1310 531 1350 redeant
545 1318 652 1364 tempora,
668 1309 750 1364 quibua

59 1380 86 1406 etr
104 1365 173 1408 simili
193 1365 325 1407 tractatione
350 1367 410 1407 theo
411 1379 525 1422 ogtcsrum
549 1380 633 1415 retum,
662 1368 750 1407 turbata

58 1421 221 1479 tranquillitate
236 1422 325 1488 publica
339 1422 415 1474 (cuius
433 1423 554 1479 quodpiam
574 1422 687 1488 specimen
706 1423 751 1474 jam

58 1466 245 1544 suprimimus),
267 1479 315 1535 ipsa
336 1493 425 1535 quoque
446 1493 553 1521 concussa
571 1486 624 1521 sunt
648 1478 751 1546 imperia.

57 1540 94 1579 De
115 1536 185 1577 literis
206 1537 266 1578 nihil
282 1537 367 1578 dicam:
390 1536 476 1602 alioqui
496 1536 515 1578 si
536 1540 591 1579 haec
608 1536 710 1579 effraenis
724 1534 752 1599 li-

51 1592 133 1636 'centia
147 1593 172 1635 in
188 1594 253 1636 laude
267 1604 311 1645 est
327 1594 376 1635 de'
368 1593 512 1637 institutione
525 1595 626 1651 publica,
643 1609 699 1651 quae
714 1592 751 1649 pe-

57 1651 136 1694 riculis
156 1661 258 1693 occurrat
278 1662 403 1715 temporum
428 1651 536 1700 istorum3
562 1666 619 1707 quae
643 1651 751 1693 ecclesiae

57 1708 159 1751 vindices
173 1719 234 1763 paret
247 1707 299 1748 fidei
315 1718 337 1749 et
349 1708 474 1764 religionis;
490 1723 545 1763 qnae
560 1709 673 1750 demum'
665 1724 690 1750 111
706 1711 752 1750 hoc

58 1765 151 1808 centrali
167 1765 270 1807 instituto
284 1765 395 1805 altissimis
410 1766 542 1820 respondeat
556 1765 652 1814 finibus,
674 1765 749 1808 omnis

59 1824 190 1878 deponenda
205 1832 238 1864 est
252 1821 367 1877 cogitatio,
390 1837 441 1864 curn
455 1821 513 1863 nihil
533 1833 581 1865 tam
600 1827 640 1863 seu'
656 1822 750 1865 indiffe-

57 1895 109 1921 rens
129 1894 175 1922 esse
194 1879 263 1935 possit
281 1880 306 1919 in
324 1879 460 1931 eruditione,
481 1893 521 1920 seu
543 1890 596 1921 tam
610 1881 730 1927 salutare
722 1895 748 1921 m

50 1936 112 1978 fidei
111 1936 275 2003 praesidium,
288 1937 348 1993 quod
362 1936 432 1978 simili
444 1937 598 2001 maledicentia
612 1951 659 1979 non
678 1947 750 1986 tetta·

58 2005 99 2034 tur
109 1993 133 2035 in
146 1994 241 2041 crimen,
258 1994 276 2036 si
292 1994 358 2034 modo
375 1997 400 2036 ab
415 2007 556 2049 superiorum
570 1996 718 2038 seculorum·
711 2008 750 2049 lun

49 2051 123 2097 ,diciis
135 2053 206 2093 latum
220 2065 320 2108 unguem
336 2050 477 2110 discessisset,

351 2146 369 2193 §.
398 2152 447 2188 233·

117 2225 155 2265 To
169 2235 232 2279 ergo,
247 2223 278 2265 mi
299 2216 390 2272 Comes,
405 2221 471 2270 audi,
493 2221 549 2279 quid
564 2222 657 2265 monstri
672 2221 702 2263 sit
717 2222 750 2264 di·

59 2297 121 2332 cere
136 2282 218 2322 librum
234 2282 275 2323 sub
290 2280 381 2321 nomine
397 2283 487 2328 losuae.
505 2290 556 2322 'non
574 2283 600 2322 rh
621 2281 664 2321 hoc
685 2280 749 2326 duce,

59 2342 98 2382 sed
113 2338 179 2395 paulo
192 2338 276 2379 tardius
291 2340 317 2379 ab
339 2336 419 2392 ignoto
435 2349 537 2385 auctore,
558 2352 570 2381 e
590 2336 678 2379 coaevis
696 2337 751 2401 ipsis

59 2400 124 2440 rebus
140 2396 293 2437 monumentis
312 2408 356 2436 etse
371 2395 529 2451 conscriptum.
557 2395 643 2437 Summi
665 2395 750 2450 quique
804 2404 806 2407 “

59 2455 138 2495 vident
153 2453 281 2507 scriptores
297 2450 322 2492 in
338 2466 363 2493 eo
379 2452 435 2494 libro
456 2457 571 2494 occurrere
593 2453 701 2509 quaedum
723 2466 749 2492 eo

60 2514 117 2551 duce
129 2520 260 2552 recentiora
290 2514 340 2552 Hoc
354 2510 466 2565 problema
485 2511 597 2565 quomodo
585 2510 752 2551 osolvendum

58 2579 103 2619 est,
125 2566 181 2623 quin
202 2566 259 2609 fides
275 2567 387 2624 periclitet
406 2567 529 2608 historiae?
567 2566 617 2608 Ant
603 2566 673 2622 tiqui,
691 2581 703 2606 e
724 2566 751 2606 ti-

42 2648 43 2652 =
61 2627 108 2667 tulo
123 2631 205 2666 Josnae
219 2623 351 2674 inferentes,
366 2626 462 2668 eundem
478 2624 546 2667 etiam
560 2637 607 2666 esse
628 2635 750 2675 auctorem,

59 2727 201 2741 μ---.-.-...

89 2798 182 2857 11111111
204 2808 247 2842 ret.
262 2808 310 2841 test.
329 2801 389 2840 Toni.
406 2807 461 2855 111.
477 2807 526 2845 223.
