1686 3135
325 137 360 187 ’-
389 162 432 208 ros
461 179 490 189 —

1 252 6 274 ἕ

1 295 4 328 :2
62 281 138 323 mrun‘r
158 276 323 333 auctoritatem,
347 280 400 322 satis
419 279 466 336 ipse
487 278 559 327 vides,
575 279 643 323 ‘lianc
667 283 757 327 demon·

1 361 4 386 5
61 334 144 380 errandi
159 335 267 378 rationem
283 340 309 379 ab
325 337 420 393 ipsomet
435 337 541 393 Magistro
555 335 599 377 iam
616 339 702 381 dudum
713 358 757 384 rne-

2 434 3 437 ,
60 396 103 438 rito
120 391 188 434 fuisse
204 394 304 437 derisam.
334 397 412 450 Neque
436 406 509 436 autem
530 396 620 435 interest
640 397 666 436 de
685 398 756 439 incre.

61 451 119 493 dulis
140 465 201 505 agas,
219 466 246 492 an
269 453 295 491 de
317 450 444 492 catholicis:
466 451 545 506 petitio
568 452 627 492 enim
648 455 756 510 principii

2 540 4 559 3
59 509 133 550 hicet
149 505 180 550 ihi
201 523 229 549 es:
251 523 321 562 aequo
341 509 421 549 vitiosa
443 520 483 553 est.
519 510 579 550 Hace
596 524 647 565 ergo
665 513 756 554 tandem

1 571 3 608 i
59 578 90 608 est
105 564 137 605 tui
153 564 221 620 gloria
237 566 345 619 Magistri.
363 576 388 606 ut
403 569 444 607 hac
460 566 484 606 in
501 582 523 613 re
540 566 596 606 nihil
609 568 688 608 mutiat
705 568 755 610 siue

1 635 3 677 j
59 621 119 677 turpi
134 621 203 671 vitio,
221 620 277 664 nihil
295 624 404 679 proferat,
421 626 481 679 quod
497 638 537 664 suo
553 627 702 681 jaurpracvic
724 631 756 674 ju·

1 732 2 735 ¹
60 679 119 721 dicio
137 693 183 718 non
199 679 228 719 sit
243 680 379 722 damnatum.
410 680 486 722 Credit
500 696 550 737 ergo
567 673 610 736 fule
626 696 690 723 civteca
701 698 755 723 eum

58 736 173 794 plebecula
189 738 247 783 rudi,
264 751 316 777 cum
333 748 406 778 tamen
422 737 520 793 theologi
537 739 572 782 sit.
590 754 663 779 causas
683 754 754 791 nosse,

59 809 99 837 cur·
115 802 137 832 et
152 793 198 848 ipsa
215 797 259 843 hoc
273 796 347 836 credat
362 795 465 843 ecclesia,
483 805 504 834 et
519 795 580 851 quod
595 795 670 847 credit,
687 797 755 839 etiarn

58 862 134 895 contra
151 850 286 894 adversarios
303 852 423 894 vindicare.

116 909 158 950 Sed
174 911 250 951 confer
266 913 379 958 saluriam,
396 910 427 951 mi
449 916 540 957 Comes;
562 925 608 952 non
631 912 696 966 plane
715 912 755 955 ille

59 977 108 1010 octo
132 967 227 1021 pagellas
255 968 282 1008 de
301 970 345 1009 hoc
371 978 502 1023 argumento
527 969 626 1022 scripsit;
646 970 755 1025 lllagisier

57 1035 121 1073 tuus,
137 1022 156 1063 si
171 1024 235 1065 illum
252 1031 270 1077 §.
287 1027 310 1069 V,
326 1040 370 1065 una
386 1035 505 1079 computo,
526 1025 607 1080 viginti
623 1037 672 1067 octo
690 1028 752 1068 nullo

57 1094 146 1138 prorsus
162 1082 237 1122 fructu
252 1082 386 1122 auditorum.
418 1083 490 1136 Quam
507 1097 518 1120 e
535 1092 611 1122 contra
632 1083 706 1123 lucida
727 1085 752 1124 in

57 1140 139 1182 Jalrru'o
161 1137 228 1179 etiam
250 1139 274 1180 in
297 1149 359 1180 tanto
388 1138 520 1193 compendio
545 1142 657 1186 tractatio,
685 1149 753 1195 quam

57 1196 150 1237 fundata
167 1205 189 1235 et
204 1196 358 1250 praesentibus
372 1195 538 1237 necessitatibus
553 1207 699 1237 consentanea
716 1199 754 1238 de·

56 1252 145 1298 ductio!
175 1253 281 1295 llllanihus
296 1253 370 1308 palpes
386 1252 441 1308 quid
463 1270 472 1292 1
498 1253 572 1293 tirone
593 1255 659 1293 distet
682 1254 754 1309 lllagi-

56 1321 108 1352 ster.
148 1309 251 1351 Ceterum
275 1321 368 1352 vestram
395 1310 570 1351 moderationem
594 1325 639 1351 non
668 1313 752 1354 miror:

57 1380 145 1422 semper
160 1366 220 1408 enim
235 1366 302 1408 veriti
319 1366 369 1407 estis
384 1383 410 1408 ne
425 1369 479 1421 qnid
494 1369 561 1407 nimis
601 1369 692 1410 Laudo:
713 1384 753 1410 no·

55 1425 89 1466 vis
105 1423 165 1465 enim
182 1423 322 1481 dogmatibus
339 1439 428 1480 operam
445 1425 495 1465 dare
511 1422 621 1480 impitrm3
639 1427 751 1467 veteribus

56 1492 132 1522 autem
147 1495 216 1522 novas
238 1483 437 1523 demonstrationes
458 1496 577 1537 quaerere.
601 1493 669 1522 vestra
692 1494 752 1523 verat

56 1539 173 1581 modestia.
204 1538 270 1581 Vobis
286 1538 382 1589 sufficit,
399 1538 514 1580 ecclesiam
531 1539 598 1581 etiarn
616 1539 664 1581 sine
685 1554 752 1595 opera

56 1606 128 1637 vestra
143 1595 291 1653 perstituram.

374 1693 392 1742 ξ.
423 1700 472 1735 140.

114 1766 149 1809 Ad
173 1782 197 1809 ea
223 1766 303 1820 venio,
323 1768 355 1809 mi
380 1772 470 1816 Comes,
497 1782 554 1824 quae
577 1770 665 1810 scholae
690 1775 778 1824 1111113,4

56 1824 132 1868 Primo
151 1837 253 1867 veterum
273 1841 395 1881 proponant
416 1824 525 1867 theoriam
545 1827 576 1866 .de
596 1824 766 1880 inspirationisi

56 1883 136 1924 modo:
152 1884 286 1939 subjungam
300 1886 424 1926 adamatam
435 1882 549 1939 Magistro,
566 1885 613 1924 eius
630 1892 751 1933 momenta,

56 1939 177 1981 calumnias
194 1950 216 1980 et
231 1955 287 1996 quae
301 1943 343 1983 alia
358 1941 382 1981 in
397 1943 538 1988 Neotmicou
553 1942 633 1982 attulit*

114 1998 197 2038 Natura
213 2009 365 2053 comparatum
381 2008 428 2048 est,
443 1999 474 2038 mi
495 1999 588 2048 Comes,
605 2009 631 2039 ut
646 1998 752 2040 homines

55 2068 102 2097 non
119 2053 218 2095 contenti
234 2054 330 2110 simplici
348 2055 439 2095 veritate
460 2054 553 2110 eiusque
572 2056 703 2102 momentis,
725 2054 751 2096 iu

55 2111 125 2168 ipsam
141 2125 230 2167 quoque
243 2126 331 2161 rerum,
353 2110 371 2151 si
388 2110 435 2153 fieri
455 2122 538 2167 posset,
559 2122 660 2152 naturam
683 2118 751 2165 atque

55 2169 148 2210 modum
164 2179 278 2222 penetrare
292 2180 417 2221 conentur,
438 2179 500 2211 tanto
516 2167 560 2210 fere
577 2167 748 2217 contentiosius,

56 2235 139 2281 quanto
154 2226 208 2267 haec
223 2226 293 2281 magis
308 2226 418 2268 inaccessa
434 2237 492 2267 sunt.
525 2226 548 2268 ld
569 2225 644 2267 videas
661 2226 684 2266 in
705 2228 751 2268 hoc

56 2295 146 2339 quoque
159 2293 290 2338 argumento
304 2284 395 2325 facturn.
424 2283 493 2324 Primi
508 2283 569 2326 enim
583 2295 669 2338 patres,
686 2283 750 2338 quid-

57 2338 112 2394 quid
127 2340 154 2379 ad
169 2338 269 2395 genesim
284 2340 391 2382 librorum
408 2340 516 2395 pertinet,
539 2351 564 2381 ut
578 2343 683 2381 uoluntas
698 2335 751 2380 scri-

55 2394 136 2443 bendi,
152 2400 234 2438 notitia
247 2413 333 2444 retum.
350 2399 458 2446 delectus,
474 2399 541 2438 verba
554 2406 576 2439 et
588 2400 643 2440 ordo
658 2399 751 2438 univer-

39 2475 40 2478 =
56 2459 145 2502 sorum,
163 2456 218 2495 haec
232 2458 263 2495 ita
278 2456 303 2496 in
317 2455 422 2510 spiritum
437 2466 539 2496 sanctum
562 2459 629 2497 unice
652 2455 752 2496 contule·

54 2520 113 2558 runt,
130 2522 156 2552 111
170 2523 255 2568 praeter
269 2512 382 2567 physicam
397 2512 508 2555 scribendi
525 2526 614 2567 operam
629 2512 703 2553 nullae
718 2524 752 2552 es-

55 2578 104 2609 sent
118 2582 232 2610 sacrorum
246 2579 362 2611 auctorum
382 2570 407 2611 in
432 2570 460 2612 iis
482 2570 642 2611 concinnandis
663 2580 750 2624 partes;

55 2627 134 2678 verbo,
160 2629 202 2681 hac
222 2628 247 2668 in
265 2628 361 2675 >theoria
387 2625 506 2682 scriptores
535 2627 607 2684 aptius
637 2629 751 2668 machinas

56 2680 135 2724 dixeris
153 2687 221 2741 ouant
233 2683 342 2726 homines.
372 2688 467 2726 Istorum
482 2681 527 2725 iam
543 2684 674 2740 praecipuos
691 2683 750 2725 audi.

112 2745 214 2783 lustinus
236 2744 263 2783 de
285 2743 414 2797 prophetis:
435 2756 497 2794 „non
523 2742 644 2799 quidquam
661 2741 751 2798 proprio

55 2796 129 2841 tuane
144 2799 293 2857 excogitatum
308 2814 349 2843 nos
366 2801 501 2855 docuerunt,
517 2824 545 2836 -
560 2801 599 2840 sed
614 2814 682 2858 puros
693 2800 753 2857 seip-v
