1686 3135
388 131 547 211 —rse4

120 292 220 336 servata,
235 282 272 336 ait,
285 282 383 325 liberum
403 295 466 334 esse,
485 280 550 323 novis
571 277 689 339 indulgere
709 275 817 334 sensibus,

120 343 140 385 si
165 341 238 383 iustae
255 340 350 383 rationes
367 340 501 395 exegissent,
518 339 545 381 iis
562 341 634 380 solum
655 341 735 381 demtis
755 341 817 391 locis,

121 413 178 457 quoe
196 397 334 439 definivisset
351 397 450 447 ecclesia,
464 398 491 438 de
507 411 551 453 quo
567 395 653 437 nemini
669 398 763 438 dubium
774 409 818 448 cst;

122 468 145 501 et
161 455 199 513 qui
216 470 228 496 a
251 464 341 510 patrum
361 455 467 500 concordi
489 454 635 496 consensione
655 462 731 497 cirrum
751 454 819 495 inter.

121 512 271 573 pretationem
288 512 422 568 accepissent
460 512 524 554 Vides
541 525 606 568 ergo,
626 513 657 552 mi
674 515 767 559 Comes,
785 526 818 554 so-

121 576 169 618 ]am
183 579 273 625 patrum
290 568 457 611 consensionem
476 570 579 610 nondum
599 568 752 611 inviolabilem
770 570 819 610 reti-

125 633 176 674 dere
199 639 301 674 sensum,
321 625 367 667 nisi
391 637 413 666 et
433 626 474 668 alia
496 627 569 668 adsint
594 637 734 683 argumenta,
762 641 819 682 quae

125 693 204 734 certatur
220 682 331 732 efficiant3
347 682 474 724 cuiusmodi
489 684 600 725 iudicium
616 684 674 725 circa
689 697 773 724 novum
789 694 820 725 te·

125 743 263 789 sternenturn
282 738 380 781 dilucide
400 741 515 781 evolutum
532 743 598 784 habes
612 742 636 782 in
654 742 726 784 latuit
741 741 821 782 Euchi-

122 799 184 846 fidia
197 803 216 849 ᾗ,
233 809 267 843 22.
284 796 320 838 cui
336 797 436 839 conteres
451 812 516 851 supra
533 804 550 849 §.
566 809 592 844 72
609 810 630 840 et
645 809 686 845 82:
703 798 821 842 Calumnia

125 865 202 919 quarta
219 855 253 895 tui
268 853 381 907 Magistri,
396 853 437 893 ista
453 868 499 895 non
512 857 547 895 vel
562 858 630 898 modo
646 857 752 897 videntis.
780 858 821 897 Su-

123 930 165 975 pra
181 917 199 965 §·
214 923 262 956 111.
291 913 362 966 Atque
378 909 432 951 binc
448 921 490 962 est,
507 925 547 952 cur
562 913 644 953 summi
660 913 743 968 quique
760 911 820 953 illico

122 983 176 1031 post
190 967 329 1013 concilium,
346 983 371 1009 ea
387 966 519 1009 conditione
535 980 628 1016 servata,
642 970 711 1011 etiam
725 972 751 1010 ab
765 983 820 1009 una-

122 1027 182 1082 nimi
196 1035 286 1083 patrum
301 1023 447 1066 consensione
462 1026 577 1075 recedere,
597 1026 685 1068 licitum
706 1040 752 1068 esse
773 1040 819 1066 non

122 1084 288 1133 dubitaverint,
304 1082 338 1123 uti
353 1081 419 1124 docui
440 1087 457 1133 §.
473 1095 507 1129 91.
541 1084 580 1124 Ad.
601 1085 726 1139 exemplum
747 1094 821 1125 autem

123 1141 193 1203 patris
215 1139 455 1191 uniusdissentientis
475 1156 487 1182 a
507 1139 612 1196 reliquis,
634 1153 679 1182 tam
699 1156 711 1182 a
734 1140 821 1182 ratione

121 1201 225 1244 alienum
241 1205 296 1241 esset
311 1197 455 1253 respondere,
469 1211 539 1254 quam
555 1197 603 1241 sine
623 1197 709 1241 ratione
729 1199 821 1252 allatum

125 1270 164 1302 est.
651 1264 653 1267 “

424 1359 443 1410 §-
475 1367 522 1404 1-31.

184 1441 219 1482 Ne
235 1434 366 1481 Commssito
379 1444 452 1492 tuus„
462 1436 495 1479 mi
511 1438 598 1488 Comes,
614 1440 650 1481 vel
665 1438 690 1480 in
706 1436 822 1494 disciplina

125 1496 244 1559 peregrina
258 1492 411 1535 hallucinatus·
421 1493 549 1551 videretur3
560 1510 619 1537 neve
635 1498 660 1538 ab
676 1507 775 1551 suscepta
791 1510 822 1537 se·

126 1559 173 1602 mel
194 1555 221 1594 de
240 1549 367 1593 inviolabili
389 1560 479 1606 patrum
503 1552 684 1607 interpretatione
705 1553 821 1598 sententia,

126 1625 176 1657 'toto
193 1613 245 1653 orbe
261 1606 412 1664 nequicquam
428 1620 570 1665 repugna-nte,
586 1612 657 1651 latum
671 1624 770 1666 unguem
786 1611 822 1651 de-

125 1672 228 1715 cederet,
245 1666 349 1707 adversus
363 1677 429 1721 supra
443 1671 460 1717 §.
478 1676 511 1712 95.
527 1668 618 1708 allatum
634 1670 765 1722 exemplum,
780 1668 823 1709 col·

126 1730 195 1772 lectas
211 1723 276 1765 novis
291 1723 351 1763 curis
362 1724 479 1778 suppetias
494 1724 519 1764 in
531 1738 635 1780 campum
655 1724 770 1779 producit,
790 1723 823 1764 sic

127 1783 241 1829 scribens:
275 1778 417 1828 „versiculus
436 1790 455 1825 6.
483 1781 571 1823 Psalmo
593 1793 627 1827 32.
653 1784 720 1824 Verso
747 1782 824 1823 dotalitii

128 1840 269 1898 coelifirrnati
285 1848 318 1878 est
333 1838 414 1880 aruum
428 1841 491 1893 longo
509 1839 672 1893 interpretum,
692 1852 824 1880 consensum

128 1912 157 1942 ss.
183 1906 274 1953 patrum
293 1894 319 1935 in
340 1895 405 1936 rebus
427 1894 495 1946 fidei,
513 1908 538 1936 ac
558 1910 647 1937 morum
663 1909 754 1952 quoque
775 1894 823 1936 lalsi

129 1953 280 2013 arguentium.
310 1951 357 1992 Nec
371 1960 446 1992 tamen
461 1954 498 1994 vel
517 1954 561 1994 hoc
580 1968 660 1995 verum
679 1962 725 2000 est,
746 1966 823 1995 omnes

74 2062 75 2065 Ἴ
127 2013 171 2057 iric
183 2013 255 2067 Lagari
270 2023 310 2050 seu
322 2010 450 2051 attinebit
461 2008 602 2055 intellexisse.
633 2013 689 2053 Sane
705 2011 823 2067 Caprasia-

129 2085 178 2117 mus
189 2067 284 2111 homilia
298 2066 359 2109 ‘Vnt
366 2076 388 2108 et
399 2068 454 2111 XIX.
469 2068 497 2108 ad
511 2069 620 2124 populum
634 2068 736 2110 antioch.
759 2069 823 2109 intel·

129 2126 185 2174 lexit
198 2127 226 2167 de
240 2127 300 2168 verbe
311 2127 403 2181 seript03
417 2124 541 2168 Ambrosios
553 2123 614 2166 Libr.
628 2127 663 2167 IV.
678 2124 703 2165 in
725 2127 781 2169 Luc,
797 2125 823 2167 C.

131 2198 153 2235 4,
168 2185 192 2228 de
207 2186 269 2227 uerbo
283 2185 429 2238 orneiip'otenla,
445 2195 489 2237 quo
506 2182 604 2222 mundus
619 2182 657 2225 hic
671 2192 768 2224 structus
784 2192 822 2225 eet.

132 2247 171 2287 Sic
186 2241 265 2283 sumsit
280 2238 348 2281 etiarn
361 2240 493 2295 Euthymios.
521 2239 554 2280 Eat
561 2242 660 2294 perditam
671 2242 823 2297 patrologicem

132 2301 304 2345 aduersariorum
314 2295 447 2340 nostrornm?

192 2357 286 2398 Factum
300 2353 456 2401 inclementer,
472 2352 504 2393 mi
516 2356 610 2405 Comes,
630 2369 653 2396 a
664 2354 824 2397 Commilitone

133 2425 189 2463 tuo,
208 2426 235 2454 ex
253 2411 302 2467 ipsa
328 2412 382 2452 adeo
407 2409 513 2467 pauperie
536 2412 649 2456 motareis
669 2411 824 2469 [ignominiam

133 2483 246 2531 quaerere.
276 2467 338 2526 Quid
351 2469 448 2524 negem?
477 2468 544 2510 Vobis
558 2473 672 2522 jumenta,
687 2469 768 2517 baiuli,
790 2482 824 2511 co·

135 2541 245 2586 quorum,
259 2525 354 2568 lixarum
367 2539 527 2581 servorumque
542 2540 629 2583 gregem
644 2525 708 2569 nobis
723 2527 756 2567 nil
767 2528 824 2567 ultra

134 2587 268 2643 paenulam,
280 2598 355 2641 peram
371 2592 394 2624 et
407 2584 527 2626 macredinem
537 2586 631 2640 tetigerint
647 2584 763 2626 sicnostra
772 2598 824 2625 con·
838 2592 840 2597 ⁴

137 2643 194 2685 ditio
209 2653 255 2690 est,
270 2641 381 2690 vivimus,
398 2641 458 2697 quod
472 2641 542 2694 aiunt,
558 2653 583 2683 ut
597 2655 719 2700 possumus,
735 2642 823 2697 quando

135 2711 163 2741 ut
176 2700 279 2741 volumus
293 2715 339 2752 non
353 2697 412 2740 licet.
441 2700 481 2739 Est
498 2709 573 2741 tamen
593 2715 640 2743 non
659 2696 754 2739 minima
769 2712 825 2740 con·

136 2756 227 2808 solatio,
242 2757 419 2799 commilitonem
433 2765 506 2805 tuum,
521 2758 549 2798 ad
560 2757 628 2799 huius
640 2757 757 2807 arundinis,
771 2765 824 2796 tam-

135 2827 204 2871 quam
218 2816 246 2857 ad
259 2814 356 2871 hesperii
370 2812 473 2855 draconis
486 2825 631 2871 conspectum
644 2815 676 2858 ita
685 2811 823 2871 expalluisse,
