1686 3135
354 158 515 211 ..403-

140 277 202 324 Huic
226 292 277 340 ergo
297 292 320 323 te
338 280 453 330 virorum
473 281 505 323 mi
527 281 615 335 Comes,
630 277 732 326 societati
748 283 785 328 de-

84 337 190 390 vinxisti3
206 341 262 383 huic
282 342 309 382 ad
330 338 472 381 infamandos
495 338 635 384 doctissimos
658 342 786 399 scriptores,

83 373 218 454 pudendd'
212 411 318 454 incepto,
340 411 432 463 oporam
453 399 613 449 commodasti;
636 415 701 442 coece
723 416 785 443 secu·

82 466 118 497 tus
135 457 258 497 consilium
273 457 369 523 lindegi
386 453 449 497 cuius
465 457 524 496 haud
541 455 598 504 scio,
620 458 728 500 facinus
722 474 746 500 ιιι
763 469 786 500 16

83 512 201 570 iniquius.
218 529 245 555 an
261 516 303 555 sihi
319 512 447 579 probrosius
471 514 510 559 sit,
532 513 571 570 qui
593 515 688 556 militiae
710 528 787 573 exper-

84 580 144 620 tem,
161 583 221 614 tanto
237 569 364 613 discrimini
387 570 457 627 prima
479 584 555 627 pugna
576 582 598 615 te
618 574 728 627 objecerit.
758 577 787 615 ln

84 632 177 683 urbem
193 628 226 670 mi
242 631 332 671 Comes
345 629 369 669 in
386 643 430 682 qua
444 630 563 679 scriberes
586 645 633 673 non
651 631 676 671 in
693 643 724 681 te,
745 631 786 689 qui

83 663 208 735 scribetis,
229 673 352 729 intendisii.
388 685 428 727 Illa
447 687 509 728 laudi
531 698 553 728 et
569 692 652 744 probro
672 703 698 729 ex
714 705 786 745 aequo

82 744 177 793 idonea,
199 745 217 785 si
238 755 308 790 recte
332 745 350 785 si
369 744 433 785 docte
454 744 590 799 scripsisses,
612 746 685 788 fuerat
708 748 786 790 ceteris

85 802 235 868 opportunior
250 803 276 844 ad
294 802 401 858 gloriam:
418 802 451 842 uri
467 816 540 850 nunc,
563 817 632 858 quum
655 803 735 845 inscite
755 815 787 846 at-

85 874 130 915 que
145 858 240 916 indigne
256 859 383 915 scripsisti.
381 859 430 901 ad'
423 859 573 917 ignominiam
587 860 628 902 tibi
644 862 742 918 paratior
752 863 788 903 in·

83 917 206 974 festiorque
222 928 261 960 est.
290 916 405 973 Experiri,
421 918 452 958 mi
469 920 562 966 comes,
578 918 640 974 prius
656 930 733 975 pecus
756 930 788 961 at·

84 990 142 1040 que
150 976 244 1017 lacertos
264 977 378 1033 oportuit,
399 976 512 1042 pauloque
534 976 656 1017 modestior
676 978 787 1020 continuo

84 1031 196 1082 sensisses,
212 1046 260 1075 non
276 1045 367 1075 tuarum
382 1046 429 1075 esse
440 1032 525 1074 virium
542 1033 649 1075 dimicare
664 1036 708 1075 hoc
723 1049 787 1089 proe-

83 1093 132 1139 lio,
154 1092 191 1133 cui
213 1091 238 1133 in
262 1102 284 1133 te
301 1092 452 1147 colophonem
472 1091 552 1132 addere
566 1093 657 1147 parabat
672 1093 786 1148 Hodegue.

83 1153 133 1195 Cur
155 1158 181 1190 tu
200 1149 226 1191 in
245 1150 308 1190 hunc
326 1158 426 1189 mentem
445 1148 567 1205 oculosque
589 1149 721 1206 diligentius
739 1160 787 1191 non

83 1206 221 1251 intendisti?
251 1207 291 1248 1116
307 1207 377 1261 probe
393 1220 484 1261 gnarus,
504 1220 570 1259 ιιιιιιιιι
590 1221 670 1263 partim
686 1207 723 1247 hio
736 1221 787 1272 pos·

84 1266 130 1313 set,
136 1277 220 1321 ,quam
244 1265 309 1321 plena
329 1262 405 1306 omnia
429 1252 564 1306 discriminis
588 1276 675 1311 essent,
697 1265 787 1305 eminus

84 1325 156 1368 vitato
173 1337 264 1379 campo,
280 1321 419 1419 longinlquus
441 1320 551 1378 proelium
569 1323 689 1376 spectarit,
709 1333 731 1363 te
751 1320 788 1362 sui

83 1383 135 1439 loco
150 1381 284 1447 protrudeus
299 1380 362 1436 pugi
364 1393 412 1428 em
434 1393 478 1434 quo
494 1379 567 1421 alieno
589 1380 689 1435 periculo
709 1379 789 1421 vince-

85 1436 133 1487 ret,
151 1437 248 1479 oliorum
264 1438 330 1479 caede
345 1435 383 1479 aut
397 1410 527 1478 v’utneribut
548 1438 703 1492 triumpharet.
740 1435 788 1491 Qui
840 1476 841 1479 ,

86 1510 140 1561 efgo
156 1506 203 1536 tam
219 1495 308 1547 avidus,
323 1504 369 1536 tam
386 1493 493 1534 incautus
509 1493 534 1534 in
555 1509 653 1550 pugnam
676 1507 789 1550 procurre·

86 1554 131 1602 ris;
153 1550 193 1609 qui
215 1550 262 1593 sine
278 1551 373 1594 consilio
393 1551 506 1600 invectus,
530 1550 554 1591 in
572 1551 677 1606 palustria
693 1553 788 1593 devene-

86 1611 122 1653 ris
133 1613 174 1652 sub
190 1608 287 1666 caespite
301 1610 392 1649 doloso.
408 1617 504 1672 praestat
519 1618 540 1649 te
554 1609 579 1648 in
594 1609 637 1648 hoc
653 1609 701 1649 luto
721 1607 789 1648 relin-

86 1682 168 1732 quere,
191 1668 246 1707 dum
268 1679 334 1730 opem
355 1663 413 1705 ferat
429 1663 535 1720 Magister
550 1675 589 1705 aut
605 1667 721 1731 Hodegus,
742 1663 787 1705 nisi

86 1736 110 1768 et
124 1723 159 1766 his
175 1722 246 1765 aliena
262 1722 332 1779 magis
348 1721 390 1765 erit
405 1735 467 1779 opus,
484 1737 552 1780 quam
567 1723 707 1780 expeditum,
722 1733 789 1766 suam

83 1782 128 1832 ¹tibi
144 1782 294 1825 commodare.

436 1902 449 1927 ἦ
535 1870 548 1896 tl·

396 1990 414 2039 §
443 1995 492 2032 261

146 2068 209 2115 Haec
228 2062 345 2113 hactenus:
364 2081 436 2124 pauca
456 2064 555 2116 addam,
570 2076 627 2124 quae
642 2072 664 2107 te
684 2071 787 2123 tuosque,

87 2130 121 2177 roi
143 2132 235 2182 Comes,
257 2128 329 2170 nolim
353 2126 463 2181 ignorare.
499 2123 554 2166 Νοιι
571 2124 681 2170 diffiteor,
701 2140 746 2167 esse
762 2127 788 2167 in
841 2127 842 2177 j

88 2189 255 2254 superioribus,
272 2199 329 2250 quae
345 2198 392 2226 non
406 2182 520 2250 probetis,
540 2193 562 2223 et
577 2196 634 2237 quae
650 2183 722 2238 palam
738 2197 788 2248 pro·

88 2248 159 2295 ferte,
174 2247 199 2287 in
215 2243 295 2286 mediis
311 2241 385 2285 licet'
378 2240 479 2293 injuriis,
494 2254 557 2282 meus
578 2254 667 2295 quoque
689 2241 787 2282 1111111511-
840 2264 842 2266 -

88 2319 126 2346 me
142 2305 231 2345 animus
245 2300 341 2358 refugit,
363 2300 435 2340 donec
450 2306 521 2340 vestra
544 2296 738 2352 importunissima
753 2298 788 2338 in·
838 2303 840 2318 ¹

89 2363 171 2405 stantia
187 2363 295 2416 (supra§.
313 2370 339 2403 10
355 2367 377 2398 et
393 2359 435 2412 11.)
456 2371 467 2397 a
488 2370 524 2396 me
545 2355 667 2396 reluctante
690 2353 788 2398 extorsit.

88 2418 153 2462 Nihil
169 2429 243 2461 actum
260 2428 354 2464 temere,
371 2428 467 2470 expensa
483 2424 535 2454 sunt
550 2412 650 2467 singula,
673 2423 738 2468 atque
760 2413 788 2453 11-

89 2478 130 2519 lud
146 2478 213 2519 etiam
229 2475 356 2531 quaesitum
370 2473 458 2519 studio,
475 2470 493 2512 si
513 2486 556 2526 qua
578 2470 634 2510 forte
655 2472 681 2511 ad
703 2470 788 2510 demul·
831 2520 837 2528 π

90 2536 172 2577 cendos
194 2533 279 2575 animos
297 2541 380 2585 vestroe
402 2531 475 2571 lenior
494 2538 578 2584 pateret
600 2541 710 2592 accessus,
728 2530 787 2569 malo
840 2527 841 2534 ’

90 2604 242 2657 opportunus,
264 2589 328 2631 vobis
349 2601 395 2630 non
415 2587 533 2633 molestus,
555 2585 656 2640 mihique
672 2586 720 2627 sine
738 2587 787 2625 inu-

91 2649 127 2690 tili
147 2660 222 2692 sumtu
244 2659 265 2690 et
284 2648 365 2688 labore.
400 2645 443 2693 Sed
463 2642 547 2684 vicistis
569 2658 658 2684 onmem
680 2654 787 2684 conatum

91 2723 174 2750 meum
204 2705 299 2748 Naeuiae
316 2704 377 2744 enim
392 2714 475 2742 vestras
491 2703 615 2749 retincere‚
639 2701 701 2742 vobis
725 2703 787 2742 dece·
839 2733 842 2750 ,-

92 2765 143 2807 dere
158 2764 260 2815 eminus,
276 2772 367 2807 omnem
383 2773 460 2803 eneam
474 2758 612 2816 praecidere:
632 2757 690 2801 nihil
710 2759 738 2802 ad
757 2760 787 2801 16·
840 2789 842 2794 f
