1686 3135
320 137 478 181 -312-

51 253 115 294 dicta
134 262 156 293 et
174 254 273 295 revelata
279 251 362 319 fuere,
384 253 456 294 literis
468 254 604 298 rnarrdarnnt
615 256 681 310 longe
696 264 746 312 post

51 322 165 353 excessum
180 323 251 353 servat
253 310 309 361 oris;
326 322 348 352 et
364 311 416 366 quia
431 311 455 352 in
474 310 576 354 codicem
595 314 664 355 relata
685 322 744 361 sunt,

50 383 124 425 neque
141 369 235 411 certiora
250 384 321 426 neque
337 368 450 418 firmiora,
466 383 538 424 neque
555 369 666 413 diviniora
686 379 744 424 sunt,

51 441 76 468 ac
92 441 145 467 vera
166 441 213 470 esse
233 428 372 469 destiterunt.
405 400 527 470 illalerialis
555 427 664 482 scriptura
684 443 745 471 com-

50 482 212 526 municationis
223 485 279 527 ratio
295 502 323 528 ne
335 484 480 539 dijudicatur,
497 495 519 525 et
534 486 611 526 semita
626 486 745 538 tutior,{et

50 540 122 596 magis
137 543 317 598 generaliter-at,
338 552 363 583 ut
379 541 403 584 in
423 558 462 585 sua
481 542 587 591 veritate,
605 542 744 597 pur-intest

52 599 169 640 divinitate
185 612 314 642 servaretur.
348 603 375 640 At
394 615 455 642 mera
475 600 584 656 scriptura
598 614 676 641 nonne
695 612 745 641 mu.

52 656 133 697 tationi
155 667 193 695 aut
212 657 324 710 deprava
317 671 375 702 roni
400 668 438 697 aut
452 658 538 709 fraudi,
558 668 597 699 aut
616 656 744 712 imperitiae

52 712 148 754 obnoxia
163 723 208 754 erat
220 730 233 753 a
235 715 271 767 )⁹“
302 714 347 771 Qui
363 713 468 777 magister
488 728 533 756 esse
552 715 648 765 volueris
669 716 745 757 docto-

51 783 114 816 rum,
130 779 152 810 et
167 785 213 814 non
227 771 364 826 ignobilium
379 769 513 838 scriptorum
529 771 672 827 Aristarchus,
689 770 745 813 scire

51 827 129 866 saltem
144 829 251 881 oportuit,
267 831 326 884 quod
342 829 422 870 nostris
438 831 465 869 de
481 828 547 870 trivio
560 828 635 885 pueris
649 829 745 870 traditur

50 881 75 923 in
90 883 235 933 catechismo,
252 886 291 926 ubi
307 887 413 927 habetur·
756 886 757 889 ¹

107 943 218 997 Drterrog.
257 944 319 999 Quid
342 942 477 1000 intelligitur
497 945 538 985 sub
553 944 622 1000 verbo
638 943 682 985 Dei
697 957 744 985 non

160 1001 260 1054 scripto?

108 1060 174 1111 Hesp.
189 1058 234 1098 Sub
251 1061 319 1100 verbo
334 1056 378 1099 Dei
394 1072 441 1100 non
451 1057 533 1114 scripto
544 1055 678 1154 intelligitur
690 1057 744 1100 fidei

160 1128 294 1172 morumque
313 1115 425 1164 doctina,
447 1130 513 1172 quam
540 1114 633 1172 apostoli
658 1118 693 1158 vel
717 1129 744 1157 ex

160 1186 198 1214 ore
212 1174 263 1213 lesu
279 1172 375 1223 Christi,
397 1174 432 1213 vel
448 1188 473 1213 ex
487 1173 635 1229 inspiratione
652 1173 743 1238 spiritus

160 1244 176 1271 s
193 1230 320 1272 didicerunt
335 1240 356 1271 et
370 1230 535 1287 praedicarunt,
556 1245 602 1273 non
621 1240 697 1272 tamen
718 1230 743 1272 in
763 1283 765 1286 y

159 1285 266 1343 scriptum
282 1288 415 1329 retulerunt.

105 1344 172 1386 Plura
188 1355 210 1386 te
226 1346 339 1387 docebunt
354 1345 476 1400 dogmatici
491 1355 512 1387 et
527 1343 634 1400 polemici
648 1343 674 1387 in
693 1360 743 1387 een-

49 1414 83 1445 tro
98 1401 205 1444 unitatis:
221 1416 261 1458 ego
276 1417 341 1453 vero,
356 1405 471 1443 Romanus
486 1417 538 1444 cum
554 1402 596 1452 sis,
616 1418 654 1457 per
669 1403 744 1445 Prote-

49 1470 131 1502 stantes
144 1470 166 1500 te
177 1462 260 1501 docebo
275 1459 372 1513 saniora,
389 1474 441 1501 cum
457 1471 583 1515 opportune
598 1460 655 1501 mihi
670 1459 744 1502 reddi·

49 1528 99 1558 tum
121 1517 151 1557 sit
171 1531 227 1572 opus
245 1532 284 1574 pos
288 1527 385 1558 tremum
400 1516 489 1572 egregie
504 1517 564 1558 docti
581 1517 665 1559 abbatis
681 1520 741 1558 Max.

48 1576 141 1616 Prochtl
153 1575 186 1626 b,)
202 1574 241 1614 nbi
256 1587 304 1631 pag.
323 1585 371 1618 203.
387 1574 440 1628 legi
442 1588 481 1615 ur
511 1577 646 1629 ingenue
626 1575 743 1615 fatendum

48 1643 94 1681 est,
116 1642 142 1671 ιιι
162 1631 240 1672 scribit
262 1630 418 1672 celeberrimus
440 1634 585 1681 Morientis,
612 1642 742 1687 argumenta

47 1699 122 1732 nostra
135 1702 175 1743 pro
190 1686 327 1743 perfectione
342 1697 364 1728 et
362 1687 517 1754 plenitudine
527 1690 687 1745 scripturarum
695 1703 742 1729 non

48 1744 173 1788 satisfacere
196 1744 328 1793 Catholicis,
350 1745 369 1785 si
387 1746 455 1787 modo
477 1748 519 1786 rite
534 1746 692 1787 determinatus
709 1755 742 1786 est

2 1844 5 1846 .
47 1814 118 1845 status
134 1800 268 1859 quaestionis
281 1806 326 1857 cJ.“
359 1801 430 1844 Alibi:
456 1804 559 1854 „Fatetur
574 1807 602 1848 D
619 1803 740 1869 Tieftrunlr,

46 1860 94 1902 falli
109 1874 152 1908 eos,
169 1860 208 1917 qui
223 1859 293 1901 fontes
308 1859 358 1903 illos
373 1859 505 1901 christianae
515 1860 629 1902 doctrinae
636 1861 741 1916 (scriptu

22 1926 23 1929 ’
46 1923 90 1966 ras)
105 1928 219 1973 tamquam
234 1918 358 1984 perlectum
372 1917 503 1959 christianae
514 1918 628 1974 religionis
638 1918 742 1960 codicem

47 1975 196 2019 considerant.
234 1977 285 2017 Non
301 1976 361 2017 enim
376 1974 438 2015 allud
452 1974 486 2016 ι11ι
501 1985 566 2026 sunt,
585 1990 654 2040 quarn
673 1989 741 2016 vene-

45 2034 128 2079 randa,
143 2046 186 2073 nec
201 2042 246 2073 aes
239 2031 335 2074 rmanda
351 2032 402 2074 satis
418 2024 555 2088 fragmenta,
575 2033 600 2073 in
617 2031 698 2097 quihus
717 2041 740 2072 et

45 2100 173 2144 temporum
188 2090 278 2131 illorum
292 2089 347 2131 ratio
367 2090 473 2140 docendi,
495 2101 516 2131 et
536 2091 603 2132 multi
625 2087 740 2144 religionis

46 2146 134 2188 articuli
156 2147 287 2190 offeruntur
322 2147 393 2189 Nobis
414 2147 438 2188 id
457 2162 528 2189 unum
545 2146 690 2200 relinquitur,
704 2145 739 2187 his

45 2205 198 2245 monumentis
214 2217 266 2246 cum
282 2205 370 2246 delectu
384 2214 406 2247 ct
420 2204 504 2258 judicio
517 2205 551 2245 uti
561 2207 586 2262 d)
600 2208 628 2258 ).

46 2307 186 2318 ..α-,-

74 2366 229 2421 aJPag.116.
264 2364 286 2419 h)
303 2366 469 2408 Friedensworre.
496 2364 623 2411 Sulzhfflll·
658 2367 677 2417 c)
689 2381 737 2422 pag.

103 2423 271 2467 absentasti.
292 2424 421 2466 Strer'ttlteol.
443 2423 492 2475 Titl-¹
505 2434 524 2467 1.
537 2429 561 2481 pi
575 2432 624 2467 227.
654 2425 738 2480 deag.

102 2490 152 2525 204.
173 2492 194 2521 et
210 2481 290 2523 Certrur.
305 2482 325 2525 d.
339 2483 406 2524 clariss.
422 2492 507 2538 protest.
522 2481 635 2536 Lehrhegr.
656 2483 699 2524 Τ1ι1.
717 2491 738 2525 1.

88 2555 149 2599 vpag·
162 2548 211 2584 306.

73 2607 94 2666 *J
110 2609 209 2650 Ceterum
219 2623 262 2648 uon
276 2618 297 2649 te
307 2612 384 2663 justa
380 2607 525 2649 consolatione
537 2608 671 2651 defraudabo.
697 2608 738 2648 Ha-

101 2667 138 2705 bes
158 2670 213 2707 enim
228 2669 251 2706 in
263 2667 305 2707 hoc
321 2666 405 2723 quoque
422 2667 495 2706 ducem
508 2667 646 2723 Magistrffum
663 2682 700 2722 qur
694 2666 737 2705 tle

102 2726 204 2778 scriptura
222 2726 261 2765 ait.
284 2741 354 2781 „quac
365 2735 434 2765 tamen
449 2727 499 2764 fons
519 2736 574 2766 esset
594 2725 658 2764 omnis
672 2737 691 2763 et
703 2739 738 2764 su·

102 2781 177 2823 littaris
191 2784 282 2824 ueritatis
299 2793 320 2825 at
338 2798 416 2824 morum
429 2783 552 2836 disciplinae.
555 2786 569 2808 ‘⁶
600 2780 673 2825 Sunt'
667 2793 738 2838 itaque
