1686 3135
371 186 528 232 maso-

104 305 177 349 monis
195 305 249 347 dam
265 304 415 349 dedicaretur,
433 302 506 344 totum
517 301 572 344 vfuit
588 302 613 345 in
635 307 730 355 nebula,
746 303 799 362 quin

105 376 152 406 erat:
168 364 248 406 veteris
265 363 400 407 testamenti,
416 361 527 416 huiusque
543 361 643 403 indolem
665 373 800 419 expresserat

104 427 159 466 daec
171 423 262 466 laetata:
278 421 302 460 in
318 435 362 477 quo
379 418 481 461 Christus
497 418 697 475 eiusquemysteria
705 423 799 464 obscure

106 493 128 525 et
154 479 218 536 quasi
244 487 330 520 tantum
350 493 389 534 per
411 477 511 519 nebulam
530 486 723 532 proponerentur,
744 493 800 520 non-

107 542 208 593 dumque
224 537 265 578 ista
286 537 336 586 tux,
359 535 472 591 quomodo
493 546 537 582 est,
559 535 684 589 splenderet
707 550 801 590 evange-

106 598 133 639 lii
143 597 176 649 ee)
186 595 208 634 !“
237 593 381 633 Verissimum
396 591 534 643 mysterium,
549 592 580 632 nri
596 593 688 642 Comes;
705 593 723 633 si
740 594 801 633 enim

106 650 201 696 Hebraei
218 648 358 704 evangelium
373 649 508 702 habuissent,
524 663 571 691 non
586 648 681 691 luissent
694 648 800 704 religione

105 706 201 753 Hebraei
217 707 255 748 sed
270 706 399 749 Christiani.
429 709 459 747 At
473 706 531 747 nihil
548 717 593 758 est,
610 708 671 762 quod
683 708 757 749 doleas
773 708 800 747 de

106 776 180 821 erepta
196 766 279 819 templo
296 764 376 819 gloria:
393 763 412 805 si
429 764 488 806 enim
505 778 560 818 opus
581 763 633 816 erit,
655 765 799 821 aegyptiacas

105 825 206 866 tenebras
227 820 289 863 illico
308 831 380 863 vertet
400 822 425 861 in
439 820 599 861 nitidissimam
614 822 694 865 lucem.
723 824 801 863 Faten-

107 885 162 924 dum
176 890 219 930 est‚
235 880 267 919 mi
288 875 559 930 ComessNeotericosin
574 878 609 919 his
629 879 696 921 tantis
716 879 800 921 artibus

105 952 151 982 esse
165 937 250 978 tirones
265 935 404 978 rudissimos.
562 943 564 947 “

165 994 282 1050 Denique,
304 994 339 1035 'mi
360 998 450 1043 Comes,
471 993 504 1035 sic
529 1004 624 1036 statues:
652 995 719 1038 etiam
745 1010 801 1051 quae

106 1052 227 1112 symbolice
247 1067 298 1094 vere
320 1051 450 1109 prophetica
467 1052 536 1102 sunt,
556 1050 626 1108 magis
649 1055 677 1095 ad
704 1054 799 1095 iudaeos

106 1128 157 1157 tum
171 1109 319 1167 pertinuisse,
333 1124 400 1165 quam
416 1108 484 1151 hodie
499 1112 527 1150 ad
537 1109 686 1161 Christianose
702 1120 728 1152 ut
739 1126 801 1152 nem·

105 1187 149 1229 pe,
173 1169 192 1209 si
213 1167 357 1208 demiratores
377 1166 433 1221 legis
453 1169 562 1209 mosaicae
576 1167 689 1217 viderent,
708 1167 733 1209 in
748 1166 802 1224 ipsis

105 1236 151 1284 jmn
176 1224 256 1265 ritihus
277 1225 322 1266 suis
344 1223 453 1264 divinitus
466 1225 627 1279 praeordinata
646 1225 715 1268 luisse
736 1240 802 1281 quae-

107 1291 170 1333 dflm‚
189 1282 214 1322 in
234 1282 314 1338 quibus
335 1282 397 1322 velut
417 1281 441 1321 in
461 1281 559 1338 imagine
580 1283 710 1324 adumbrata
728 1291 801 1324 essent

106 1348 151 1387 lata
163 1341 253 1382 adversa
267 1338 377 1390 Messiae,'
389 1339 596 1394 immolationisque
612 1340 672 1382 illius
687 1354 766 1396 scopus
780 1349 802 1380 et

107 1404 200 1449 fructus,
214 1397 289 1439 minus
301 1399 495 1438 commoverentur
510 1397 598 1443 talibus,
613 1397 653 1439 ubi
668 1399 803 1440 evenissent,

108 1457 224 1514 Suspicere
239 1455 264 1494 in
279 1454 359 1495 talibus
375 1454 445 1494 discas
461 1453 550 1493 divinae
572 1454 716 1496 oeconomiae
732 1455 803 1497 consi·

108 1518 187 1559 milem
202 1511 347 1565 sapientiam,
365 1525 432 1567 quam
446 1511 554 1551 Matthaei
571 1521 604 1555 16.
626 1526 750 1566 expressam
770 1513 803 1553 vi-

109 1577 155 1616 des.
187 1572 238 1611 Erat
253 1568 314 1619 enim
329 1567 384 1609 olim
400 1578 426 1608 ut
439 1566 562 1608 hodiedum
586 1569 613 1608 de
632 1569 692 1610 vitae
713 1570 803 1610 austeri·

108 1641 154 1673 tate
169 1626 255 1669 oriente
269 1636 316 1666 toto
331 1639 418 1667 summa
434 1625 511 1680 opinio
528 1635 549 1666 et
565 1625 693 1667 demiratio:
710 1641 754 1682 quo
770 1641 803 1667 et·-

106 1703 136 1745 go
152 1682 238 1726 facilius
255 1684 282 1725 ad
297 1682 408 1732 Messiam‚
423 1693 509 1737 praeter
522 1696 655 1725 coaevorum
671 1683 803 1739 opinionem

106 1743 229 1788 humilem,
252 1750 274 1782 et
294 1749 382 1781 tantum
401 1754 449 1781 non
471 1738 540 1781 vilem
563 1740 693 1782 accederent
717 1739 801 1788 ludaei,

107 1798 240 1860 praemissus
261 1808 293 1839 est
313 1800 407 1839 Ioannes
427 1797 452 1838 in
473 1811 559 1840 summa
581 1798 718 1847 austeritate,
739 1800 802 1840 velut

106 1860 157 1900 riae
173 1858 252 1896 ductor
270 1857 306 1896 ‘ad
326 1859 405 1896 lesum.
440 1855 484 1896 Sed
504 1854 611 1911 quoniam
631 1871 656 1897 ea
670 1856 729 1897 vitae
745 1857 802 1896 ratio

106 1913 185 1974 paucis
205 1923 353 1954 consentanea
379 1912 436 1961 fuit,
462 1913 535 1964 lesus,
555 1914 580 1954 in
603 1927 690 1953 summa
711 1911 801 1963 virtute,

107 1986 165 2030 quae
182 1971 239 2010 nulli
258 1970 353 2025 amplius
368 1969 498 2011 mortalium
516 1969 541 2011 in
560 1971 599 2011 illo
622 1971 692 2027 gradu
712 1971 802 2025 propria

107 2031 164 2080 erit,
180 2042 230 2070 eum
246 2027 304 2068 ritae
318 2025 391 2069 tenuit
405 2028 512 2077 modum,
529 2028 568 2084 qui
580 2029 657 2083 quavis
674 2038 755 2078 aetate,
775 2029 801 2069 in

106 2085 188 2145 quovis
203 2086 262 2126 vitae
283 2099 363 2140 genere
381 2098 461 2125 norma
480 2085 571 2127 virtutis
593 2094 649 2127 esset
668 2100 708 2140 prro
730 2085 802 2125 omni·

107 2148 162 2193 bus;
180 2157 246 2198 quam
263 2143 305 2182 etsi
321 2142 379 2184 nulli
395 2143 471 2182 datum
488 2143 518 2184 sit
536 2142 625 2197 penitus
647 2142 744 2198 assequi„
765 2145 803 2183 lra-

106 2205 185 2245 berent
202 2211 274 2241 tamen
297 2199 407 2247 universi,
431 2214 475 2254 quo
495 2199 607 2240 indefesso
626 2199 701 2241 studio
724 2214 802 2256 appro-

106 2260 251 2315 pinquarent,
281 2259 309 2297 Et
324 2268 398 2297 tamen
417 2257 506 2298 nationi
526 2257 655 2312 depravatae
676 2261 802 2311 exemplum

106 2326 230 2369 utrumque
244 2328 313 2369 prope
328 2314 376 2354 sine
392 2313 468 2353 fructu
483 2313 533 2355 fuit.
563 2313 693 2356 Aestimahis
705 2328 755 2370 ergo
772 2325 803 2354 ta-

106 2374 137 2414 lia
154 2375 254 2423 symtarta
275 2371 366 2424 impleta
385 2383 475 2425 prorsus
496 2381 521 2410 ut
540 2371 677 2426 prophetias.
699 2372 740 2413 etsi
758 2375 803 2424 jam

107 2430 176 2471 marla
193 2428 217 2467 in
235 2430 407 2468 (lemonstrando
419 2440 464 2467 non
481 2428 526 2468 sint
540 2428 600 2480 usui,
618 2428 670 2485 quia
685 2443 751 2470 nemo
763 2439 802 2478 est,

106 2489 147 2541 qui
163 2500 190 2525 ert
206 2500 262 2540 agno
278 2484 366 2526 ludaeis
376 2484 492 2525 immolato
512 2488 585 2526 lesum
601 2486 717 2527 victimam
731 2487 802 2526 luisse

108 2540 192 2584 discere
215 2544 290 2593 stralit,
315 2557 382 2598 quam
401 2557 428 2582 ex
448 2553 522 2597 aperta
543 2544 708 2598 evangeliorum
723 2544 803 2598 episto»

107 2602 225 2654 larmmpre
242 2599 317 2640 litera:
334 2614 408 2647 nemo,
427 2600 466 2655 qui
484 2599 631 2655 expiationem
650 2611 748 2642 nostram
770 2598 802 2640 di-

109 2671 169 2696 seese
184 2656 247 2696 malit
264 2675 275 2699 e
290 2657 389 2699 Levitiei
405 2666 439 2709 16,
456 2670 522 2712 quam
539 2673 564 2699 ex
579 2658 660 2699 literali
674 2658 804 2701 testimonio

108 2759 247 2771 νυ--κ-αι

138 2831 172 2878 ee')
184 2832 236 2868 las-tt
259 2844 299 2871 ret.
314 2840 360 2871 test,
374 2831 434 2872 tom.
446 2840 465 2874 2.
477 2845 498 2885 p.
514 2840 562 2878 tta.
