1686 3135
316 130 475 175 -127-

47 259 103 305 tales
117 253 143 295 in
158 250 278 309 grandibus
293 245 365 291 tribus
380 243 548 300 voluminibus,
562 245 603 288 sub
622 244 743 307 Aquarium

47 313 134 361 ordinis
156 308 264 367 generali,
286 322 298 350 a
317 307 389 347 tribus
410 303 520 358 theologis
536 303 683 356 examinatas,
705 311 746 354 Cle.

46 373 109 420 ruenti
127 372 182 411 ulti.
204 380 292 411 summo
312 361 416 421 pontifici
444 360 554 404 dedicatas
573 361 654 406 fuisse:
676 365 746 423 eoque

46 432 144 476 factum,
158 437 185 468 ut
200 427 258 467 inter
273 424 411 479 Rutuistr'oues
429 420 484 475 aug.
506 420 630 467 Barasasa,
651 423 747 466 celeber·

47 488 99 531 rimi
115 485 169 539 juris
185 481 283 527 consulti
298 494 324 521 ac
341 480 433 520 demum
450 476 556 534 Episcopi
574 479 685 535 Ugeutioi,
706 483 745 525 hic

45 548 93 602 ipso
109 547 188 588 Arserit·
197 543 275 588 locus,
291 538 316 578 in
331 535 537 578 editioue'concilii
552 550 603 578 curn
619 538 679 579 notis
696 541 747 583 Gur.

46 606 150 650 leutos-til,
165 606 210 650 iam
226 596 284 639 ultra
304 595 416 642 seculum,
435 594 497 635 velut
516 595 691 636 commentarius
712 596 747 639 illi

46 665 134 705 decreto
151 658 179 699 sit
196 652 297 703 additus,
313 665 335 695 et
351 667 377 694 ex
392 651 458 693 toties
478 652 578 708 repetitis
601 652 746 705 editionibus,

46 720 95 764 sine
117 714 257 771 indulgentia
278 722 354 754 vestra,
372 710 433 767 quod
454 708 535 760 miror,
551 715 595 763 jam
616 727 657 766 per
674 722 745 756 totam

45 780 160 830 Europam
181 772 315 826 divulgatus.
349 771 436 811 Vestrae
456 778 521 822 ergo,
541 767 574 808 mi
592 769 684 817 Comes,
706 773 746 815 hic

46 846 122 893 partus
142 841 175 872 est
195 828 329 885 sapientiae,
351 838 376 867 ut
399 825 459 881 quod
480 824 608 866 seculorum
627 841 690 869 mora
711 840 747 872 tot

47 890 118 934 doctis
143 889 288 944 probabatur,
319 899 381 926 nunc
403 881 540 925 haereticum
574 883 691 935 diceretis,
723 896 747 929 et

45 950 107 1007 quoti
123 960 240 1001 nunqnam
256 944 340 986 factum
355 952 431 991 antea,
451 939 519 983 etiam
541 941 582 982 suh
604 951 668 985 tauro
687 944 747 989 vitu-

47 1009 95 1050 lum
108 1002 249 1062 quaereretis.

350 1106 369 1153 §·
399 1111 434 1147 92.

104 1186 128 1228 Si
144 1184 209 1226 vobis
225 1192 339 1224 tantorum
353 1195 399 1223 non
414 1180 500 1223 sufficit
514 1182 643 1229 auctoritas,
659 1196 687 1223 ex
697 1180 746 1239 ipso

45 1251 92 1303 jam
110 1241 199 1293 ldecrcti
226 1252 331 1283 contextu
360 1254 450 1280 sensum
470 1238 533 1280 illius
554 1240 678 1282 declarabo.
714 1243 749 1283 Ex

45 1313 119 1347 vestra
131 1301 253 1344 sententia,
267 1298 299 1338 mi
316 1299 402 1347 Comes,
414 1311 492 1337 sensus
506 1298 592 1338 >decreti
609 1309 660 1339 estu
672 1300 746 1341 Nemo

47 1363 74 1405 ab
94 1372 120 1400 eo
136 1356 256 1411 scripturae
271 1368 337 1395 sensu
353 1354 463 1404 deflectat,
478 1368 545 1408 quent
557 1354 649 1399 ecclesio
660 1366 682 1396 et
692 1371 748 1407 una-

46 1417 121 1462 nimes
135 1418 210 1456 Patres
224 1411 384 1465 praeiverunt·
406 1413 531 1467 Quaeram:
567 1414 678 1453 Curcum
699 1428 749 1455 sen·

47 1490 99 1520 sum
114 1470 172 1512 tanti
187 1468 268 1517 facitis,
285 1479 310 1509 ut
324 1469 351 1510 ab
367 1481 393 1509 eo
408 1469 470 1510 nefas
485 1469 513 1510 sit
528 1469 656 1513 declinare?
675 1474 750 1527 Repo·

46 1531 115 1576 nitis:
133 1529 241 1586 quoniam
258 1524 390 1583 apostolicae
406 1526 498 1582 originis
514 1537 561 1580 est,
585 1539 657 1582 eoque
678 1529 749 1570 unice

47 1592 125 1635 uerus,
145 1584 336 1639 certissimusque,
368 1584 459 1630 Laudo,
481 1598 551 1640 aequa
572 1584 687 1628 veneratio
708 1596 750 1630 est.

47 1650 76 1691 At
91 1645 158 1686 modo
175 1642 284 1684 Olitorern
300 1639 392 1688 audite,
409 1640 479 1683 rarius
496 1641 595 1699 quidem,
612 1644 749 1699 quandoque

46 1717 124 1749 tamen
139 1715 190 1741 vera
205 1700 341 1755 loquentem.
372 1701 434 1742 Heus
451 1708 475 1740 tu
491 1701 550 1741 bone
565 1701 612 1743 vit!
632 1700 749 1757 Descrip-

46 1776 108 1811 tura,
130 1772 198 1816 quam
217 1770 305 1809 semper
322 1755 390 1807 teris,
407 1756 558 1813 apostolorum
574 1755 698 1800 hodiedum
711 1772 749 1799 su-

47 1827 122 1879 perest
142 1814 308 1869 interpretatio,
331 1828 429 1869 quorum
450 1823 477 1853 ut
498 1815 557 1855 nosti
579 1828 603 1857 ea
625 1813 748 1856 auctoritas

48 1888 95 1923 est,
117 1885 144 1915 ut
161 1872 222 1927 quod
243 1869 335 1927 quidem
352 1872 380 1912 ad
401 1872 469 1914 fidem
493 1872 605 1914 ullatenus
627 1872 748 1928 pertineat,

47 1931 106 1978 nihil
122 1933 229 1979 doceant,
245 1929 306 1984 quod
321 1943 367 1970 non
382 1929 534 1971 certissimum
550 1928 699 1987 (livinumque
710 1929 749 1971 sit.

47 1992 73 2035 Si
97 2001 172 2030 tamen
193 1986 237 2026 alia
257 1984 368 2026 arrideant
387 1986 469 2042 magis,
493 1987 638 2043 integrnmne
659 1986 748 2042 putabis

47 2047 116 2094 etiam
135 2047 163 2086 in·
180 2042 293 2084 diversum
315 2044 341 2083 ab
357 2058 436 2085 eorum
457 2059 525 2086 sensu
541 2044 678 2086 concedere?
709 2046 748 2085 Sa-

46 2119 120 2150 nusne
136 2118 170 2151 es,
186 2100 273 2156 inquit,
290 2099 329 2155 qui
343 2100 387 2142 hoc
402 2100 544 2155 interroges?
568 2114 597 2142 an
618 2100 660 2142 tibi
677 2101 748 2152 ambi·

46 2164 82 2207 tio
98 2162 129 2202 ita
146 2158 274 2202 occaecavit
290 2157 374 2211 oculos,
389 2168 415 2199 ut
430 2172 476 2200 non
491 2159 566 2200 videas
582 2157 613 2199 ita
628 2158 748 2200 retinenda

46 2234 94 2265 esse
111 2230 175 2260 sensa
190 2230 279 2269 eorum,
295 2225 363 2257 utne
378 2216 563 2271 latumvdigitutn
584 2215 609 2257 in
631 2216 749 2261 diversum

47 2278 106 2327 east,
187 2310 189 2314 .
503 2270 506 2281 s

107 2334 169 2390 Quid
190 2331 233 2373 tibi
255 2330 294 2372 hic
315 2330 389 2372 Olitor
415 2330 518 2380 ridetur,
538 2331 570 2373 mi
593 2331 692 2375 Comes?
724 2330 749 2376 Si

46 2409 100 2437 cum
116 2388 308 2432 commilitonibus
322 2386 439 2430 hominem
458 2389 583 2444 improbas,
604 2404 695 2431 omnem
714 2404 749 2430 re⁴

46 2452 157 2508 ligionem
173 2446 285 2503 evertisti3
302 2445 321 2487 si
336 2448 416 2501 probas
422 2475 428 2494 ‚
444 2445 535 2488 illusisti
551 2447 643 2493 concilii
663 2449 747 2499 Patres,

48 2508 88 2565 qui
113 2508 138 2547 in
161 2504 251 2547 arbitrio
272 2513 362 2560 ponunt
379 2502 518 2561 interpretis,
536 2506 614 2548 relicto
639 2502 750 2559 apostolo-

47 2580 98 2608 rurn
113 2564 180 2605 urtice
195 2575 248 2603 vero
264 2575 341 2607 sensu,
364 2562 445 2617 eligere
465 2572 496 2615 etr
505 2563 617 2618 praeferre
632 2565 659 2604 ab
673 2576 699 2604 eo
717 2564 748 2605 til-

36 2634 137 2668 ffetuuur,
158 2621 225 2660 modo
246 2634 292 2661 non
308 2628 437 2662 contrarium
454 2630 474 2661 ct
490 2626 645 2677 tuuuguuuteur.
677 2620 750 2675 Quid.

48 2681 105 2736 qnid
121 2678 182 2719 enim
197 2690 236 2718 vos
252 2675 342 2725 dicatis,
359 2676 451 2719 Olitoris
472 2692 504 2719 ea·
518 2680 587 2719 ctiam
607 2692 675 2734 quam
697 2679 750 2717 subs

46 2734 133 2790 junxit,
150 2734 265 2775 verissima
279 2735 390 2775 sententia
405 2745 449 2784 est;
470 2736 541 2777 donec
555 2750 607 2778 sana
622 2734 684 2776 ratio'
695 2732 749 2775 usui

46 2792 101 2843 erit,
117 2790 185 2835 etiam
207 2793 313 2835 diuersum
330 2801 353 2834 et
367 2795 497 2838 contratrum
512 2793 571 2837 inter
584 2808 610 2846 se
629 2793 661 2837 ita
684 2790 748 2834 diffr-
