1686 3135
319 147 489 195 ..9..·

109 247 116 256 ι
248 256 251 260 ,
655 246 664 263 Χ

35 272 145 319 ¹ruultam
167 267 354 311 consultationem
379 268 541 324 providamque
563 280 638 309 curam
658 269 685 310 ad
706 283 746 310 no·

51 328 105 372 rum
122 332 164 369 hoc
184 320 314 370 institutum
337 326 425 369 extracti
447 340 535 384 sumusg
557 326 662 379 nullaque
683 327 745 382 prius

52 387 111 440 inter
132 400 174 427 nos
195 384 229 427 usi
250 383 421 437 conjunctione,
442 383 507 440 pauci
529 394 608 423 mutuo
632 384 659 422 de
681 385 745 435 facie,

52 444 153 500 plerique
176 443 273 485 invicem
290 442 352 483 nobis
375 458 403 483 ne
425 443 451 483 de
473 441 565 482 nomine
587 439 678 496 quidem
695 442 745 483 noti

51 503 97 558 lpuc
113 500 272 552 confluximu53
289 498 325 540 vix
342 511 415 541 tamen
437 510 511 541 nostra
533 498 570 539 hic
591 512 648 538 nova
665 499 746 540 insedi-

50 572 101 599 mus
128 559 243 603 subsellia,
260 553 311 611 eum
332 559 373 599 iste
394 557 496 614 Magister
516 567 581 604 tuus,
601 556 632 594 mi
657 560 745 603 Comes,

50 614 88 656 Vir
104 616 121 656 si
138 616 187 672 quis
204 614 258 656 alius
273 614 332 666 naris
347 626 475 660 emunctae,
491 613 599 655 continuo
615 612 690 664 sensit,
708 614 747 653 ubi

51 677 129 726 grauis
147 676 239 715 tir-orris
254 673 316 713 cubet
334 676 419 725 Hirrus
437 677 459 713 in
476 673 533 717 Alis,
559 671 596 712 ndi
613 672 683 711 lateat
701 686 746 713 sus.

51 731 167 772 Memento
183 730 207 771 id
222 730 306 771 fuimus
321 728 420 772 universi
436 731 496 786 quod
507 730 602 784 singoli:
617 732 746 770 Desertores

52 789 137 833 dudum
156 787 246 829 traditae
264 788 389 840 doctrinae⁷
411 788 534 842 proditores
555 788 621 833 fidet,
647 786 746 841 Religio-

51 846 87 888 nis
105 845 204 890 inimici.
221 860 325 902 sequaces
342 845 446 892 lutheri,
463 844 545 886 aemuli
566 843 667 889 Caluini,
687 845 745 884 Rab-

51 904 155 945 lrinorurn
185 905 297 960 Collegae,
328 904 456 945 Deistarunr
481 904 591 945 assectae
626 898 744 943 Halrahae!

50 960 130 1003 Viden'
147 972 182 1010 tu,
198 961 229 1002 mi
252 964 340 1013 Comes¹
362 971 445 1017 quanto
460 960 568 1015 Magistro
589 958 669 1001 utare?
700 958 746 999 Hic

49 1033 109 1059 unus
129 1019 234 1074 quoniam
249 1017 344 1061 cornicis
359 1017 451 1073 configit
465 1018 552 1065 oculos,
569 1020 634 1060 etiam
649 1029 745 1059 nosme-

51 1075 140 1126 dicabili
158 1076 282 1116 exceptavit
304 1074 412 1116 'earminer
434 1075 514 1115 unicus
535 1074 572 1116 hic
593 1086 657 1117 acute
677 1073 743 1123 vidit,

50 1132 74 1171 in
91 1146 134 1187 quo
151 1131 222 1174 oeulis
238 1134 294 1172 male
308 1131 374 1187 lippis
391 1142 424 1171 tot
445 1132 556 1171 Praesules
581 1143 644 1173 antea
665 1144 744 1173 coecu-

50 1189 132 1248 tirere;
148 1199 263 1229 momento
280 1189 321 1229 iste
335 1188 440 1243 Magister
449 1199 500 1229 tuus
511 1185 608 1230 mentem
623 1187 745 1245 perspexit,

50 1246 196 1300 amniumque
215 1258 329 1294 nostrum,
345 1261 410 1302 quem
426 1258 493 1286 nemo
509 1255 542 1285 tot
563 1245 626 1288 annis
647 1245 745 1300 suspica·

49 1312 86 1342 tus
102 1314 145 1355 est;
163 1302 241 1344 uniens
259 1301 297 1344 hic
311 1306 367 1345 bene
388 1302 515 1343 simulatam
535 1315 581 1344 tota
600 1303 647 1344 vita
672 1316 746 1359 pers·-

51 1375 116 1407 nam.
143 1362 283 1415 fucatamque
312 1360 365 1402 fidei
392 1361 475 1401 larvam
500 1361 564 1404 nobis
589 1362 696 1409 detraxit,
722 1369 745 1401 et

51 1429 183 1464 cunctorum
199 1418 268 1458 oculis
283 1419 421 1473 impietatem
441 1429 540 1460 nostram
561 1420 686 1474 spectaculo
707 1419 745 1458 de·

50 1474 94 1519 dit,
112 1489 179 1531 quam
200 1489 265 1518 nemo
286 1475 353 1529 alius,
374 1489 399 1517 ae
418 1490 460 1517 nee
480 1474 523 1532 ipsi
542 1491 582 1518 nos
601 1476 677 1518 miseri
692 1489 745 1519 sen·

49 1532 130 1573 simus!

109 1593 127 1633 0
150 1590 250 1634 Infelices
273 1606 325 1640 nos,
346 1593 377 1634 mi
394 1596 486 1643 Comes,
509 1591 547 1648 qui
564 1608 620 1649 opus
641 1591 744 1649 Magistri

49 1648 213 1705 improbantes,
229 1650 355 1694 eruerimus
372 1666 415 1692 una
429 1662 450 1692 et
462 1650 599 1707 Religionem
605 1667 611 1701 ;
632 1652 744 1699 homines,

49 1707 83 1747 illi
99 1708 174 1758 erede,
190 1707 314 1750 malitiosos
329 1711 438 1766 planeque
452 1709 562 1764 perditos,
578 1712 616 1764 qui
628 1712 693 1751 nullis
705 1723 745 1749 ra-

50 1765 148 1806 tionibus
159 1765 245 1821 aliquid
257 1767 383 1810 valentibus
403 1767 464 1808 ducti
485 1766 600 1807 simus'in
621 1767 747 1822 promenda

50 1822 172 1864 sententia!
204 1824 268 1865 Solus
284 1835 326 1878 est,
341 1825 372 1866 mi
389 1830 476 1872 Comes,
491 1824 599 1880 Magister
612 1835 675 1875 tuus,
696 1823 742 1880 qui,
758 1858 760 1861 .

49 1878 104 1936 quid
119 1879 197 1936 pium,
219 1880 274 1936 quid
298 1883 463 1930 Christianum,
484 1881 539 1938 quid
559 1882 700 1924 Catholicum
714 1879 745 1922 sit
805 1925 806 1928 Ἴ

49 1936 125 1988 novit3
144 1952 204 1978 unus
220 1938 258 1979 ille
277 1940 353 1981 doctus
374 1951 424 1980 actu
445 1939 564 1996 distinguit
583 1939 630 1980 veri
648 1938 744 1994 falsique

49 1993 118 2042 fines,
135 2008 189 2050 quos
204 1996 261 2036 ultra
277 1996 375 2052 citraque
391 2008 486 2051 nequeat
506 1998 628 2039 consistere
649 2007 743 2037 rectum.

50 2053 192 2093 Gratulamur
205 2052 291 2093 Patriae
306 2063 339 2094 ter
361 2057 449 2105 beatae,
471 2054 508 2095 cui
524 2057 579 2095 alter
599 2055 744 2103 Athanasius,

48 2109 104 2152 atter
118 2109 223 2151 revixerit
237 2112 351 2159 Hilarius,
367 2125 452 2152 norum
474 2113 540 2153 decus
556 2114 703 2166 columenque
717 2110 743 2150 in

48 2166 94 2209 ,fine
109 2168 249 2215 seculorum
266 2168 329 2210 cuins
345 2166 411 2210 unius
427 2184 491 2224 opera
507 2183 518 2209 a
535 2181 595 2224 peste
611 2178 694 2209 serrata
712 2167 743 2208 sit

49 2225 179 2280 Huugcrrica
204 2227 314 2279 Ecclesia;
333 2229 397 2269 euius
419 2227 487 2267 unius
515 2227 602 2283 potenti
622 2223 742 2271 Praesidio.

49 2281 194 2334 Erutlitione‚
214 2285 311 2338 Sudore,
332 2285 394 2326 tides
413 2285 506 2327 immota
526 2285 593 2326 stabit
608 2295 629 2324 et
643 2282 742 2339 integra!

49 2341 83 2382 Sit
103 2353 154 2396 ergo
175 2341 282 2395 Magistro
304 2353 343 2385 tuo
364 2344 412 2384 laus
438 2344 582 2391 immortalis,
604 2341 643 2398 qui
658 2341 743 2380 Literas

48 2396 146 2453 pristino
168 2397 292 2455 splendori,
314 2398 435 2443 Ecclesiam
460 2401 525 2451 fidei,
546 2415 631 2456 nosque
651 2397 745 2440 fascina.

50 2464 84 2494 tos
100 2455 192 2503 misere,
209 2456 310 2511 ipsismet
330 2459 394 2500 nohis
413 2460 511 2500 reddidit
532 2458 639 2501 lustrifico
668 2465 743 2503 cantu,

49 2521 76 2552 ut
90 2513 178 2555 Saulem
195 2514 257 2560 Santi,
271 2518 386 2571 quondam
402 2516 546 2560 Citharoedus
561 2515 670 2558 Davideo.

361 2612 380 2660 §0
411 2616 431 2653 8.

88 2684 149 2747 'Sed
165 2683 271 2740 quoniam
287 2687 363 2731 eadem
380 2703 436 2747 quae
452 2688 518 2741 olim,
533 2686 558 2728 in
580 2701 682 2744 praesens
700 2684 744 2742 pri·

48 2749 118 2780 vatim
134 2743 252 2784 traduntur
267 2755 289 2786 et
303 2747 388 2800 palam,
404 2761 460 2802 opus
475 2756 532 2796 erat,
548 2757 575 2788 ut
593 2745 646 2786 belli
661 2741 746 2785 vocife-

48 2797 104 2843 ratio
119 2796 272 2844 indesinenter
287 2814 427 2859 personaret,
450 2817 494 2862 quo
512 2816 620 2863 perpetuo
636 2798 747 2860 suspensi„
