1686 3135
339 146 499 190 ,ogw

64 278 178 334 [perusti
161 267 185 308 'n
201 261 372 328 interpretandis
385 231 515 329 scripturis
536 276 577 319 qua
595 275 660 302 nenio
675 260 699 301 in
714 273 764 314 pro·

71 327 126 369 lanis
146 325 264 374 utitura);
284 320 324 362 ubi
345 320 450 361 vaticinia
470 319 560 361 criticae
578 321 648 373 abusu
668 321 762 363 sublata,

67 395 118 434 aut,
138 398 185 425 non
206 393 267 423 secus
295 393 320 419 ac
341 378 477 419 narrationes
499 376 586 432 prudig'
575 390 651 423 rosae,
675 376 761 417 violen-

63 441 96 483 tis
114 435 336 496 interpretationibus
357 434 456 491 torqueri
478 445 601 490 coeperunt
627 433 651 473 in
671 447 760 474 sensum

67 499 170 546 devium,
186 506 213 537 ut
228 494 307 535 nihil
301 508 343 542 ram
358 502 490 546 superesset,
507 506 551 545 quo
572 490 672 531 divinam
692 491 760 530 Rev-e

65 554 176 604 lationem
191 565 283 595 asseras:
300 560 348 590 turn
364 549 424 591 enim
445 563 497 590 vero
517 547 585 590 huius
603 546 695 590 sinceris
715 543 761 587 cul-

64 611 152 655 toribus
169 608 275 665 imposita
291 618 325 649 est
339 606 466 658 necessitas,
482 616 507 646 ut
522 605 651 663 diligentius
665 605 761 647 circum-

66 667 189 725 spirarent,
207 682 249 730 quq
266 665 353 706 ratione
369 676 390 705 et
409 663 443 703 illi
458 664 544 705 occurri
561 673 634 718 posset
648 659 760 706 licentiae,

64 738 88 768 et
111 726 264 790 interpretatio
284 721 477 778 Scripturarum'
470 723 498 761 ris
518 722 603 777 legibus
622 721 668 776 regi
691 730 759 785 atque

65 782 161 830 firmari,
179 793 203 824 ut
217 792 270 827 con
272 795 328 822 rane
344 793 411 821 nemo
427 790 512 834 posstt,
530 778 584 834 quin
604 793 628 819 ea
649 776 760 819 abdicaret

62 840 159 899 judicia
177 855 233 895 [quae
248 838 272 878 iu
288 837 382 894 quotis
383 851 485 878 eorumne
500 847 538 877 aut
553 836 642 890 scripto
658 831 759 875 universi

64 909 179 963 tamquam
201 895 322 938 certissima
348 888 511 937 arbitrrarertur
548 894 657 934 Viderunt
676 901 758 936 auteur,

64 954 121 998 siin
137 953 273 1020 quibuslibet
287 952 375 1008 seriptis
391 952 452 1003 aliis,
474 949 648 993 deuotionibus
668 949 758 1014 vocum,

62 1012 268 1065 sententiarumque
293 1020 401 1065 potestate
427 985 548 1053 cdnstaret.
570 1022 615 1050 esso
632 1007 755 1071 nerninem,

64 1069 103 1129 qui
119 1070 151 1111 de
162 1081 236 1109 niente
251 1078 273 1107 et
288 1082 353 1108 sensu
369 1066 464 1108 auctoris
481 1067 603 1117 dubitaret
619 1064 714 1114 tametsi,
729 1071 756 1102 ut

20 1139 22 1142 ’
61 1141 128 1180 saepe
144 1125 184 1177 stt,
204 1127 231 1165 tle
251 1124 357 1166 historica
376 1133 414 1164 aut
435 1124 507 1180 logica
528 1122 619 1164 veritate
641 1094 754 1164 dictoium

59 1142 124 1234 ,alititl
140 1157 268 1224 ataluereut.

116 1240 215 1305 Quo,
195 1240 263 1286 teitus
282 1238 305 1278 iu
325 1238 392 1279 sacris
413 1238 494 1286 literis,
517 1239 576 1293 leges
595 1231 755 1305 interpretandi

62 1296 135 1354 magis
149 1286 227 1338 delinit
220 1307 267 1347 tae,
284 1296 426 1344 dilucidae,
423 1296 503 1336 arctius
518 1299 607 1346 junctae
624 1308 695 1358 eoque
710 1307 755 1333 cer-

62 1356 130 1397 tiores
146 1345 276 1403 evaderent,
293 1355 392 1409 exemplo
414 1354 564 1416 quarumdam
580 1351 755 1407 disciplinarum,

61 1412 87 1453 in
112 1410 230 1452 Hermenia
258 1425 348 1466 quoque
367 1411 480 1474 provideri
501 1421 575 1465 coepit
568 1412 617 1450 tde
638 1410 662 1449 id
684 1421 756 1463 genus

61 1482 149 1510 suntme
164 1467 291 1523 principio,
307 1467 401 1509 veritate
415 1466 502 1509 seilicet
515 1466 641 1523 generali.
634 1481 659 1507 1n
675 1479 756 1520 seper·

60 1527 139 1581 sqrieua
155 1539 226 1579 eoque
241 1525 375 1574 certissima,
397 1541 409 1566 e
430 1540 473 1581 qua
495 1536 578 1567 caetera
603 1525 670 1566 huius
691 1521 756 1564 disci·

60 1582 91 1640 pl
96 1597 135 1624 uae
158 1592 234 1636 suapte
257 1584 362 1629 fluerent,
385 1593 407 1625 et
427 1584 454 1624 ad
474 1597 541 1648 quam
559 1581 584 1623 in
605 1579 757 1624 controversia

62 1655 114 1682 cum
129 1640 272 1690 atirersariis,
289 1650 403 1707 tamquam
419 1643 446 1682 ad
465 1639 570 1706 lapidem
577 1641 664 1694 lydium
682 1653 756 1680 recur-

60 1709 159 1746 reretur;
183 1707 209 1736 nt
232 1701 276 1749 jam
300 1713 341 1739 nec
363 1699 386 1739 in
410 1713 478 1763 saeue
496 1696 571 1762 negari
592 1707 679 1754 posset,
695 1696 756 1753 quod

60 1754 171 1820 uqitersis
186 1754 339 1796 indubitatum
355 1766 410 1798 esset
425 1755 450 1796 in
466 1755 572 1821 profanis.
602 1758 655 1797 Tale
671 1766 754 1800 antem,

60 1810 92 1853 ani
109 1817 201 1858 tenses
222 1813 361 1867 principium
383 1828 428 1855 esse
449 1814 510 1855 visus
531 1825 563 1853 est
581 1829 633 1855 usus
649 1813 754 1876 deprendi

55 1885 191 1920 “coaevorum
205 1873 316 1926 aptiusque
328 1874 439 1919 auctoris,
454 1884 520 1926 quem
536 1872 555 1912 ai
570 1873 612 1912 tite
628 1883 754 1937 assequaris,

60 1926 174 1975 scriptoris
190 1943 279 1984 quoque
295 1942 386 1970 sensum
401 1929 464 1971 cerlis
466 1929 521 1971 Slssle
532 1940 614 1976 ΞΕΠΘΞΞΒ,
629 1931 683 1971 meli
687 1939 755 1983 loque
808 1952 810 1957 ¹

60 1986 153 2026 immote
176 1986 278 2026 retine-as
318 1988 348 2026 Ut
366 2001 429 2042 ergo
439 1986 516 2035 vides,
538 1987 596 2027 nihil
619 1986 656 2028 hic
677 1996 753 2027 actum

61 2052 92 2085 ast
94 2055 110 2080 u
127 2051 165 2081 aut
181 2041 239 2087 doto,
254 2043 336 2082 nedum
353 2042 452 2083 lrostili'
445 2058 470 2082 in
486 2044 653 2084 ltetelatiouem
670 2043 753 2084 animo.

61 2097 140 2142 Studio
159 2098 199 2163 [ΞΞο
222 2109 287 2154 atque
307 2097 508 2141 laudabiliisthaee
524 2100 613 2156 prorisa
628 2111 681 2142 sunt
687 2132 692 2151 ,
699 2114 753 2170 quo

55 2151 107 2213 'ipsa
123 2157 190 2213 script
192 2171 231 2196 ura
244 2155 314 2214 magis
329 2155 443 2213 magisque
457 2155 603 2198 illustraretur
618 2167 641 2197 et
651 2156 752 2198 vindica

60 2224 127 2255 retur.
158 2206 353 2270 intelligeretur
367 2228 411 2266 jon
427 2215 496 2264 tore
511 2229 543 2254 nn
559 2215 650 2262 (romeu,
671 2214 754 2260 malam

60 2286 73 2312 a
88 2271 150 2312 vobis
164 2271 241 2311 referri
257 2271 348 2328 gratiam
364 2271 417 2313 siris
435 2245 575 2319 (laetissumis,
591 2274 646 2312 dum
661 2270 752 2321 crimini

50 2325 131 2379 'datisp
150 2328 211 2384 quod
229 2330 304 2368 animo
325 2329 468 2384 pientissimo
487 2342 615 2394 susceptum
634 2339 679 2378 est;
696 2330 752 2371 dum

60 2384 195 2437 inhumana,
211 2399 343 2441 prorsusque
357 2388 495 2429 barbarae
463 2400 495 2427 rat
497 2386 560 2456 ione,
581 2398 695 2443 tamquam
715 2388 754 2428 lto·

60 2453 103 2484 stes
119 2443 269 2483 Revelationis
285 2443 442 2498 proscinditis,
465 2445 549 2508 quibus
561 2445 619 2485 nilril
638 2445 753 2500 antiquius

60 2508 103 2547 est,
119 2513 219 2556 quamq
200 2500 273 2541 issam
289 2514 385 2542 asserere
401 2512 423 2543 et
438 2512 472 2544 ΞΞΞ(
465 2514 506 2544 tart
521 2487 701 2546 Retelatiouem

365 2596 383 2643 Ξ.
414 2601 451 2637 ts.

121 2658 190 2699 Usum
209 2659 313 2715 loquendi
338 2675 473 2715 supremum,
504 2663 689 2718 certissimumque
711 2670 756 2703 esse

92 2796 115 2845 a)
130 2794 215 2834 Ernasr.
225 2795 305 2857 Iustttt.
318 2797 409 2853 luterpr.
423 2798 478 2838 Part.
490 2806 509 2843 1.
520 2797 575 2840 sect.
589 2807 609 2850 1,
622 2802 640 2850 Ξ.
653 2807 695 2842 21·-
711 2828 717 2834 =.
