1686 3135
353 177 454 220 -ats
484 194 512 204 -

87 301 164 344 tiendo
175 297 384 352 misericordissime).
416 295 450 339 sit
464 297 538 338 omnis
546 299 620 339 honor
633 310 657 341 et
670 299 789 349 veneratio,

88 375 105 404 s,
122 358 262 414 Augustino:
277 358 314 398 setl
331 367 406 396 tamen
421 354 474 395 vide
489 370 554 410 supra
571 361 589 407 ξ.
605 367 637 401 (tt
654 367 679 396 ut
695 358 732 398 ille
752 372 787 398 su-

88 416 224 474 spiretpost
240 417 415 467 Hieronymum,
436 413 473 454 cui
488 412 585 454 vicinior
606 428 652 454 esse
675 414 787 470 cupiebat,

87 486 114 516 ut
134 477 162 515 ob
185 474 312 530 linguarum
334 470 439 513 notitiam
461 471 526 511 illnnt
552 471 627 512 crebro
653 473 787 517 corisuleret,

87 535 174 575 Notum
190 544 222 572 est
238 530 355 576 omnibus,
379 532 453 569 Deum
469 542 514 570 non
535 528 646 583 impertiri
668 529 785 578 malitiam,

88 606 132 633 nec
147 593 190 631 hoc
206 584 328 629 sorrrniavit
343 587 403 626 ullus
422 583 536 628 hebraeus,
572 589 614 627 Sed
633 588 676 625 hoc
691 585 787 640 'quaeri-

88 659 136 695 tur,
157 645 270 702 quomodo
291 645 346 683 haec
370 653 472 684 constare
492 645 578 698 possint
602 658 654 685 cumr
668 653 786 695 systemate

87 704 191 759 religioso
209 701 269 757 quod
283 700 394 741 habebant
409 700 522 749 Hebraei?
552 705 602 743 Hoc
615 715 667 741 vero
679 714 786 756 quaeren-

88 764 143 802 dum
160 774 207 799 non
224 769 269 799 erat
284 756 307 797 in
325 756 399 799 Africa
414 758 473 798 inter
486 758 593 805 Latinos,
613 772 655 799 nec
676 757 786 812 egratiae

87 816 198 871 mysteriis
214 817 372 871 repetendum,
394 816 431 854 sed
447 831 474 856 ex
489 815 631 872 grammatica
647 825 668 857 et
687 829 729 855 usu
744 815 786 857 liu·

86 890 144 932 guae
158 873 274 928 peculiari.
304 875 379 927 Quam
396 873 488 926 pulchre
503 875 558 914 haec
572 874 655 914 discere
670 882 756 926 poterat
772 887 785 914 a

87 935 177 984 tataris,
194 944 260 985 quern
276 930 343 984 paulo
359 939 409 969 ante
426 939 471 969 tarn
482 931 575 986 turpiter
584 929 660 972 torsit!
692 931 785 970 Dictum

87 1001 164 1032 autem
180 988 253 1029 illius:
275 1002 337 1027 uento
359 990 426 1035 iverit
442 988 535 1040 inscias,
553 988 657 1031 hebraeos
674 1002 716 1027 arou
731 988 784 1029 suro

86 1060 178 1090 eventus
196 1047 352 1093 providentius
368 1046 459 1085 divinae
476 1047 602 1087 immediate
617 1047 648 1085 ad
662 1047 732 1085 Deum
753 1061 785 1086 re.

87 1109 165 1148 tulisse
169 1102 216 1164 f),
237 1117 282 1144 non
303 1112 390 1143 tantum
411 1102 456 1144 illis
477 1104 583 1160 exemplis
607 1103 703 1156 nititur.
727 1118 783 1158 quae

86 1165 172 1206 ibidem
190 1176 240 1203 cnm
257 1160 364 1201 relatione
381 1161 409 1200 ad
424 1164 541 1216 prophetas
558 1160 644 1207 attulit,
665 1162 701 1201 sed
718 1161 784 1202 habet

86 1237 113 1263 ex
134 1221 183 1261 aliis
203 1220 269 1259 etiam
291 1217 440 1258 indubitatam
461 1219 537 1260 fidem.
580 1218 679 1259 Unicum
700 1233 784 1273 punam

85 1279 218 1331 exemplum.
251 1278 308 1330 Lege
324 1274 397 1315 Exodi
410 1278 463 1329 Cap,
480 1287 498 1320 t.
514 1285 535 1317 et
550 1276 601 1315 vide
623 1274 711 1316 anxiam
730 1290 783 1316 con-

83 1334 229 1380 sultationem
246 1331 404 1388 Aegyptiorum
419 1348 485 1389 super
500 1332 571 1374 nimio
587 1333 725 1374 incremento
739 1336 784 1374 tte-

79 1397 215 1440 bremium,
230 1400 251 1431 et
268 1386 351 1430 crudeli
367 1390 441 1431 studio
458 1390 590 1439 minuendi3
613 1387 649 1429 cui
670 1388 688 1430 si
709 1391 783 1431 confe-

84 1465 119 1493 res
134 1448 267 1489 sententiam
288 1447 370 1488 Psalmi
394 1457 442 1492 tot.
464 1462 530 1504 supra
546 1449 655 1504 positam,
677 1448 782 1492 manibus

84 1505 171 1550 tenebis
185 1520 250 1546 usum
266 1505 372 1558 loquendi
389 1516 410 1545 et
425 1504 540 1546 veritatem
558 1503 736 1546 dictitassent

144 1564 182 1605 Sic
197 1563 275 1613 etiam,
291 1559 309 1600 si
326 1562 353 1601 ad
366 1561 451 1603 Christi
468 1561 566 1604 dictum:
582 1578 624 1604 non
641 1566 693 1603 verti
705 1579 782 1613 pacem

84 1624 188 1667 nzittere,
204 1632 296 1675 reponas
312 1633 365 1659 cum
382 1619 487 1673 Magistro
502 1625 538 1675 gl,
559 1617 648 1660 dissidia
664 1620 701 1660 illa
718 1621 781 1667 Chri.

84 1690 120 1722 sto
136 1678 210 1719 invito
227 1686 277 1716 nata
295 1690 352 1723 esse;
368 1690 415 1716 rem
431 1675 569 1718 verissimam
585 1676 655 1724 dices,
670 1678 708 1718 sed
724 1677 780 1718 diffi-

83 1737 190 1779 cultatem
205 1733 228 1774 in
244 1733 333 1788 linguae
348 1748 390 1774 usu
407 1734 502 1788 positam
516 1748 563 1774 non
579 1733 689 1775 sustulisti
711 1750 735 1777 ac
751 1749 780 1776 ne

80 1791 175 1850 tetigisti
192 1789 294 1845 quidem3
311 1800 376 1844 atque
391 1789 423 1831 sic
438 1806 477 1845 per
500 1791 575 1833 omnia
597 1788 664 1831 huius
684 1793 777 1849 generis.

80 1850 189 1906 Magister
210 1861 262 1904 ergo
283 1857 350 1894 tuus,
371 1848 478 1904 quoniam
497 1848 548 1889 talia
574 1849 659 1889 dudum
681 1850 778 1905 eliquata

80 1918 159 1952 erant,
175 1906 210 1947 vel
227 1904 320 1945 omnino
337 1907 422 1945 nullam
440 1920 530 1961 operam
551 1907 623 1955 dedit,
643 1915 668 1946 ut
687 1907 777 1947 lectori-

79 1968 122 2008 bus
138 1963 278 2011 commetes,
293 1961 328 2000 vel
345 1962 406 2016 quod
422 1962 549 2019 comperisti
565 1965 683 2012 hactenus,
702 1964 776 2005 studio

78 2021 163 2078 sprevit
178 2019 276 2060 meliora
307 2023 407 2062 Demum
424 2034 463 2060 cur
479 2035 525 2061 non
541 2018 642 2061 inhaeret
658 2036 699 2062 suo
716 2022 777 2076 prin.

77 2079 151 2135 cipio,
167 2078 228 2135 quod
240 2090 306 2132 supra
318 2078 336 2130 ᾗ,
352 2087 400 2123 135.
417 2087 494 2118 contra
507 2079 613 2120 Jatntzan
629 2078 721 2125 statuit,
737 2080 776 2120 bo-

78 2152 108 2179 na
125 2146 147 2178 et
162 2135 219 2176 mala
236 2136 362 2176 immediate
375 2136 400 2175 in
418 2139 488 2176 Deum
504 2135 618 2177 referenda
635 2136 698 2190 esse?
728 2137 775 2185 Qut

77 2208 124 2236 non
147 2192 203 2235 dicit
225 2206 299 2240 nunc,
318 2192 458 2233 Pharaonem
478 2198 554 2235 aDeo
569 2195 694 2234 armauere
709 2192 775 2234 intlu-

49 2292 51 2296 ,
77 2261 140 2293 ctum
155 2252 183 2292 ad
196 2249 357 2296 resistendum,
380 2261 402 2291 et
421 2250 536 2306 Aegyptios
558 2250 696 2292 alodium?
727 2256 774 2295 Cur

66 2306 166 2360 ‘Christo
182 2321 229 2348 non
251 2307 330 2347 tribuit
350 2306 440 2348 dissidia
463 2306 610 2356 familiarum,
627 2318 649 2349 et
664 2310 712 2349 Deo
728 2322 773 2351 sce·

74 2366 121 2406 iera
136 2363 257 2421 gentilium
276 2374 389 2420 tamquam
405 2362 535 2406 immediato
556 2365 660 2407 auctori?
691 2367 772 2407 Annon

74 2423 130 2465 hinc
146 2421 237 2463 evidens
254 2433 299 2467 est,
315 2437 340 2462 ex
355 2422 425 2463 livore
440 2421 507 2462 unice
524 2423 646 2481 oppugnari
660 2426 771 2470 talantum,

74 2494 117 2521 nec
131 2478 206 2535 ipsum
221 2479 245 2519 id
260 2480 350 2521 credere
363 2480 509 2534 Magistrum,
526 2481 586 2536 quod
608 2490 685 2523 contra
705 2481 771 2523 illum
807 2494 812 2496 ⁷

73 2537 166 2579 attulit?
190 2537 274 2579 Confer
289 2542 307 2588 §.
324 2548 372 2583 194.
388 2536 413 2577 in
428 2536 480 2578 fine.

73 2639 213 2648 m

101 2708 192 2757 e)1nsrt.
207 2721 250 2751 vet.
263 2720 310 2753 test.
321 2711 382 2751 Tom.
398 2721 418 2754 1.
429 2725 477 2766 pag.
489 2710 587 2754 365.E‹l.
601 2721 621 2755 1.
649 2709 677 2770 f)
689 2711 768 2752 Introd.

129 2767 175 2806 Ver.
194 2768 251 2809 Foed
275 2771 329 2810 Part,
351 2779 370 2813 2.
383 2769 399 2821 §.
412 2777 480 2825 78..p.
493 2776 541 2813 324.
574 2772 635 2824 g)in
650 2772 768 2813 Commeat.

125 2825 148 2865 iu
161 2825 206 2866 Vet.
217 2836 238 2867 et
248 2828 306 2870 Nor.
318 2830 377 2869 Test.
392 2829 453 2869 Torn.
466 2835 500 2871 12·
513 2842 535 2883 p.
548 2835 597 2872 508.
