1686 3135
369 174 398 186 κ
427 160 528 202 111-

100 273 229 319 humani
222 276 310 343 ingenii
329 285 457 328 tentantem
478 275 539 331 quod
558 277 617 318 ultro
636 276 719 319 iterum
739 285 793 324 tami
829 270 835 330 f*

92 349 167 391 ,quam
183 334 320 378 insufficiens
336 333 450 383 abdicant,
465 344 532 387 prout
547 344 614 389 supra
630 341 659 387 §§.
676 345 791 383 112-15,

99 392 177 434 videre
191 404 260 448 potes.
291 390 396 441 l‘t'teccc!
413 391 487 431 seculo
507 392 561 432 XlX.
583 406 656 434 novus
676 394 737 434 adest
756 410 792 438 va·
829 418 830 421 =

99 459 143 496 tes,
161 465 218 491 nota
234 467 259 491 ex
279 463 362 491 vttrcurr
384 449 484 514 apicibus
506 450 609 490 extundit
627 450 743 502 mysteria,
761 468 792 496 re.

98 509 203 562 velatque
217 508 277 563 quotl
291 522 357 548 nemo
371 506 479 561 perspexit
494 506 613 556 hactenus,
630 518 652 549 et
666 507 734 549 libere
746 510 792 564 opi.

93 574 178 607 ,nantes
203 575 329 604 tractatores
348 564 441 604 istarum
461 579 550 611 rerum,
571 564 722 606 adamantinis
739 580 790 607 con·
831 573 840 600 ,³

98 621 186 675 stringit
201 620 308 672 viriculis,
324 632 345 661 et
363 632 474 674 tamquam
489 620 636 663 Promethei'
628 621 723 677 impiam
742 636 840 677 pro·

98 677 187 734 geniem
213 677 280 718 etiam
306 678 373 719 elatis
395 676 517 720 trabalibus
532 678 603 734 affigit
622 681 734 731 Caucaso
762 695 790 722 ne
836 678 840 719 113

74 745 75 749 ’
96 735 147 775 sine
160 735 244 775 illius
237 736 333 792 imperio
352 734 468 791 quisquam
484 736 579 790 amplius
594 752 687 778 manum
704 750 791 780 moveat
835 753 840 787 2:

96 802 137 833 aut
166 792 256 848 pedem!
297 792 387 846 Superi,
420 806 487 847 quam
511 793 658 836 inclementer
683 795 710 837 tle
733 794 788 849 aliis,
835 791 841 824 ‘3

90 863 165 905 ,quam
182 850 209 890 de
223 864 246 891 se
260 850 378 891 commode
393 849 473 923 sentit,
496 850 529 891 mi
550 853 643 900 Comes,
664 851 706 893 iste
720 853 790 909 1111ςί-

95 907 217 949 stertuus!
833 913 839 916 ’

396 999 414 1050 §-
445 1006 493 1043 156.

155 1056 198 1098 Sed
220 1066 259 1103 tu,
279 1052 311 1096 mi
331 1053 422 1103 Comes,
442 1070 523 1121 quaere
537 1070 564 1098 ex
583 1057 635 1106 illo,
655 1072 695 1109 an,
712 1055 751 1113 qui
766 1075 789 1103 re
833 1078 842 1109 1

96 1113 173 1155 vivere
188 1127 235 1155 non
251 1113 337 1154 dubitet
343 1113 404 1168 ,qui
421 1113 495 1154 anima
511 1124 533 1155 et
548 1127 640 1178 corpore
654 1126 755 1157 constare
766 1132 789 1159 se
839 1121 841 1126 '

94 1170 223 1213 firmissime
245 1171 319 1212 credat
343 1181 365 1212 et
381 1171 473 1217 sentiat,
501 1171 525 1211 id
547 1171 615 1211 etiam
637 1172 747 1229 intelligat
767 1185 788 1216 et
836 1170 842 1218 ῗς

94 1230 152 1270 sciat
159 1230 285 1283 ,quomodo
300 1227 391 1282 spiritus
406 1238 455 1288 agat
471 1228 496 1269 in
512 1242 602 1282 corpus,
626 1238 648 1269 et
662 1244 741 1294 corpus
762 1232 788 1272 in
836 1248 841 1281 f

94 1285 200 1341 spiritum
225 1295 271 1327 tam
295 1285 381 1333 subito,
403 1295 447 1325 tam
468 1295 584 1350 1161611161,
603 1296 629 1326 ut
650 1284 715 1328 obvie
737 1303 788 1330 con·
837 1315 841 1334 5

94 1352 170 1399 specto
185 1346 221 1384 N
213 1354 316 1391 oterrro,
332 1352 378 1383 toto
395 1356 487 1397 corpore
505 1342 596 1398 sanguis
619 1344 720 1395 ebulliat,
740 1347 788 1401 pal-
834 1354 836 1358 ’

93 1402 179 1441 lescunt
192 1415 275 1457 genae,
291 1410 313 1441 et
327 1400 415 1440 concita
430 1414 485 1449 vox,
501 1399 563 1456 quasi
578 1399 701 1442 vorticibus
720 1418 787 1444 suum
837 1409 842 1434 ἒ

88 1458 137 1499 sibi
153 1458 281 1513 praepediat
295 1458 410 1500 meatum?
439 1456 528 1498 Videbis
543 1467 568 1497 ut
579 1458 644 1498 docto
659 1459 726 1499 etiarn
737 1463 787 1500 hae·
837 1461 842 1508 1

93 1514 152 1556 tebit
168 1516 196 1556 ad
210 1525 297 1570 tempus
314 1528 370 1570 aqua
385 1513 505 1569 Magistro:
520 1525 542 1555 at
557 1514 596 1555 ubi
617 1525 680 1555 ment
682 1530 716 1557 em
736 1519 787 1558 satie
837 1524 842 1562 ῖς

92 1572 219 1627 collegerit,
237 1572 710 1637 (1166110116ηοη111116,1161111111111111
729 1574 787 1615 nihil
826 1588 842 1592 “

95 1629 176 1671 dixisse
197 1630 309 1681 videatur,
330 1629 371 1671 etsi
392 1630 419 1671 ab
434 1644 457 1670 re
478 1627 576 1671 alienum
596 1628 649 1677 erit,
673 1629 786 1697 quidquid

93 1686 182 1729 dixerit.
214 1686 259 1743 Qui
274 1700 338 1742 ergo
355 1702 384 1728 116
398 1685 528 1742 sequidem
548 1686 620 1734 norit,
640 1701 679 1742 qut
702 1687 727 1728 in
748 1689 786 1729 ob·
840 1686 842 1727 j

92 1746 135 1786 viis
151 1742 311 1801 scripturarum
326 1744 442 1785 sententiis
458 1754 503 1784 tam
518 1742 669 1785 hallucinetur
685 1744 786 1810 frequen·
835 1749 842 1770 '²

91 1813 137 1853 ter,
153 1803 192 1857 qui
208 1802 331 1843 hodiedum
344 1816 387 1843 nec
402 1802 511 1843 elementa
528 1801 618 1857 quidem
635 1815 687 1842 suae
702 1800 785 1857 perspi·

92 1859 138 1901 ciat
157 1859 289 1925 disciplinae
303 1861 333 1913 (11.
355 1870 381 1904 73
398 1870 419 1900 et
438 1862 495 1911 83),
511 1869 565 1899 tune
583 1858 658 1899 credas
674 1861 784 1900 humanae

77 1916 174 1958 'mentis
195 1916 312 1971 divinique
332 1914 435 1972 praesidii
451 1916 546 1981 orbitas,
567 1917 628 1957 huno
648 1914 680 1957 ita
700 1918 784 1959 dimen-
837 1931 838 1934 ¹

91 1988 154 2022 eum,
176 1983 213 2022 ut,
236 1975 275 2015 ubi
296 1974 334 2015 illa
354 1974 454 2023 desinat,
478 1974 519 2016 ista
539 1972 644 2027 incipiat,
664 1975 729 2016 ducta
745 1986 784 2029 per
833 2019 834 2022 ¹

90 2031 191 2073 medium
207 2033 265 2073 linea
282 2031 426 2074 discreverit?
454 2033 551 2090 Magnus
565 2031 622 2071 mihi
639 2031 682 2071 erit
698 2033 783 2086 Apollo,
836 2030 843 2060 2²

92 2089 131 2144 qui
147 2089 170 2129 id
186 2100 292 2145 1111611611
307 2088 434 2154 huncque
428 2077 504 2130 mid
505 2103 577 2129 unum
596 2097 674 2128 natum
694 2090 782 2135 ducam,
837 2101 839 2105 ⁴

89 2157 117 2186 ut
131 2147 189 2187 inter
204 2148 339 2203 dogmaticos
355 2146 437 2187 arbiter
451 2149 535 2194 sedeat,
552 2156 575 2186 et
589 2160 714 2200 supremam
729 2147 784 2187 ferat
836 2180 843 2206 t

90 2202 232 2262 senientiam,
253 2219 338 2271 flUflessfl
329 2220 363 2246 nm
385 2203 414 2244 sit
438 2205 521 2245 vinum
546 2212 649 2254 naturae,
673 2216 782 2267 qllaffllffl‘ss
837 2221 843 2234 r

89 2275 140 2317 pars
155 2263 236 2317 gratiae
252 2262 276 2303 in
291 2277 366 2328 opere
372 2261 479 2302 salutari?
509 2259 617 2317 Quisnam
633 2260 732 2302 coelestis
746 2274 782 2300 au·

89 2318 139 2360 xiiii
168 2321 258 2367 modus,
280 2318 366 2375 quod'
360 2319 481 2374 rmperium
500 2318 524 2358 in
548 2318 705 2359 voluntatem?
730 2330 782 2359 seue
839 2365 842 2374 1

89 2377 189 2433 pondere
203 2377 285 2418 librent
300 2376 411 2442 aequali?
432 2376 471 2418 Sin
486 2376 574 2421 minus,
596 2377 696 2416 utsalva
713 2374 783 2417 sirti-

89 2435 161 2475 bertas
178 2437 218 2475 sub
205 2434 339 2475 lalieno
332 2433 438 2499 imperio,
460 2433 520 2487 quod
541 2436 609 2473 etiam
628 2432 719 2474 rebelles
739 2428 781 2473 sibi

88 2491 269 2547 insuperabiliter
284 2506 360 2547 parere
376 2489 427 2532 facit
441 2490 584 2531 voluntates?
617 2492 643 2531 ld
657 2504 726 2545 genus
749 2503 781 2529 ar·

90 2564 156 2599 cana
170 2550 215 2591 nisi
233 2560 283 2591 tuus
298 2548 441 2590 illustr-sterit
455 2546 573 2604 Magister,
595 2548 621 2590 ab
637 2548 681 2590 alio
701 2557 781 2591 morta

89 2606 147 2647 lium
160 2609 239 2649 frustra
255 2621 321 2664 opem
342 2617 460 2662 exspectes,

401 2723 404 2728 ⁴
436 2697 485 2732 157.
839 2732 843 2737 ⁴

148 2747 263 2792 Ceterum.
280 2747 312 2789 mi
334 2693 426 2794 onmis,
442 2746 475 2786 sic
489 2755 570 2786 statuas
585 2746 665 2795 velim;
680 2760 724 2793 me,
741 2739 781 2784 etsi

87 2818 134 2850 non
151 2807 249 2848 concedo
264 2807 289 2848 in
304 2806 387 2864 placita
401 2801 514 2860 Magistri,
529 2804 602 2847 nihilo
616 2814 692 2847 tamen
707 2802 782 2846 minus
