1686 3135
316 162 422 210 *409
450 175 480 192 ····

42 282 122 335 *uime'n
137 282 207 337 mali,
230 278 288 327 nihil
303 284 332 326 ‘ad
347 281 492 325 concordiam
506 276 600 338 proluit.
628 277 747 326 Praevlde·

44 361 106 393 ram,
123 345 162 401 qui
182 344 253 386 multa
274 341 409 397 experientia
436 354 457 383 et
480 342 548 396 longo
565 352 664 399 tempore
683 355 753 401 'com-5

42 413 132 462 pertum
154 405 269 444 haberem⁴
292 399 355 441 vobis
376 412 423 440 non
446 398 499 441 fidei
515 397 677 456 integritatem,
698 412 746 442 non
803 427 805 429 ·

43 464 183 504 incrementa
202 461 330 504 literarum,
353 471 396 497 nec
416 456 536 511 commoda
556 466 682 498 vestrorum
698 471 747 500 esse

42 533 124 563 curae:
140 519 178 559 sed
194 528 259 558 vetus
269 515 401 572 quoddam,
416 512 504 555 invidia
520 515 692 570 aemulandique
702 526 749 556 stu-

45 577 84 620 dio
102 575 125 616 in
141 588 244 632 personas
266 583 401 628 conceptum
424 570 505 613 animis
522 571 601 614 vestris
618 572 697 614 odium
713 570 748 613 in-

43 638 147 684 haerere;
168 633 262 675 aliorum
283 630 417 673 incitatione
440 628 521 672 nutriri
528 646 534 681 3
555 625 673 687 multaque
689 643 749 673 exer·

43 690 188 735 citationem
205 691 252 731 dies
268 691 383 731 valescere.
418 687 495 729 Visum
512 700 545 730 est
565 700 617 745 ergo
636 688 661 730 in
683 697 748 730 tanto

44 751 89 792 hoe
105 750 184 790 morbo
200 757 285 793 vestro,
300 744 439 787 medicorum
456 746 519 801 sequi
535 747 677 800 exemplum,
698 743 749 802 qui·

43 807 86 850 bus
108 804 132 846 in
155 806 253 848 cauterio
274 805 369 845 salutare
388 818 434 844 nnn
463 818 513 846 raro
540 804 670 860 perfugium
695 803 748 845 fuit.

32 867 96 908 ‘Hoc
111 863 176 905 vobis
192 862 336 904 miseratione
352 860 422 917 magis
438 874 506 917 quam
521 860 573 903 odio
589 862 692 911 adhibeo,
707 870 748 917 spe

45 919 127 969 fretus,
144 922 161 962 si
177 924 262 962 hunca
278 919 342 961 vobis
357 920 461 960 morbum
478 919 592 976 depuleru,
608 934 634 961 eo
648 935 688 962 ros
701 917 748 961 ani-

44 995 84 1028 mo
101 980 199 1027 futuros,
215 991 259 1034 quo
275 982 336 1033 aegri
352 977 408 1033 grati
422 991 470 1018 esse
489 979 563 1019 solent
583 976 607 1018 in
625 979 748 1023 medicum.

46 1037 86 1096 qui
102 1038 231 1079 necessitate
246 1035 327 1086 durus,
342 1034 460 1076 sanitatem
481 1034 586 1077 reddidit.
621 1033 702 1077 Liceat
716 1047 750 1074 er-

46 1111 75 1153 go
91 1094 190 1136 iamvos
208 1092 270 1134 affari
286 1095 370 1148 palam,
387 1093 469 1147 quibus
485 1091 570 1148 privata
592 1107 640 1134 non
660 1092 750 1149 profue-

45 1163 108 1196 'runt‘
144 1154 242 1193 Vestram
262 1151 347 1205 capello
363 1149 442 1201 fidem,
467 1161 564 1192 vestram
587 1150 750 1193 conscientiam

46 1220 175 1260 contestor,
189 1222 272 1249 uerene
285 1207 349 1249 vobis
364 1211 472 1256 Iahnius,
488 1212 605 1262 illuserat,
624 1209 749 1263 Ariglerus,

46 1269 162 1313 Buborius
177 1267 223 1308 'eto
243 1265 348 1307 haeretici
367 1269 436 1308 sunt?
467 1268 552 1306 Verene
567 1277 617 1308 tam*
634 1265 701 1323 impii
718 1274 751 1307 at·

44 1340 91 1386 'que
104 1324 197 1383 projecti
213 1326 267 1379 „qui
283 1324 322 1363 sub
340 1335 440 1376 respectu
455 1338 564 1365 novarum
580 1326 750 1380 interpretatiu-

46 1400 99 1428 num
117 1398 196 1424 sucrue
214 1384 352 1435 scripturae,
368 1384 538 1424 ›tarumtr'onum
549 1384 666 1439 evulgare,
681 1398 709 1422 ac
720 1397 753 1422 re-

47 1443 170 1487 velationis
189 1441 260 1480 ideam
281 1440 352 1479 delere
374 1441 535 1492 concauam?
575 1441 664 1489 Dicite,
689 1433 751 1497 quod

47 1506 147 1556 quaeror
168 1511 242 1553 neque
260 1496 322 1537 enim
341 1503 387 1538 'tam
403 1512 443 1539 seu
458 1499 547 1540 hebetes
562 1498 626 1550 estis‚
647 1498 687 1554 qui
702 1498 751 1539 eius

47 1555 148 1602 oriminis
168 1569 214 1596 non
236 1556 329 1594 videatis
345 1556 525 1609 magnitudinem
541 1567 563 1597 et
578 1567 694 1607 naturam;
710 1568 751 1597 seu

48 1615 177 1659 accusando
197 1611 242 1652 iam
263 1609 293 1651 ita
315 1613 456 1663 mministis,
479 1622 565 1654 utnon
582 1614 695 1669 quandam
710 1612 751 1654 sal-

48 1682 95 1718 ‘tem
116 1669 181 1726 aequi
204 1669 302 1723 justique
319 1683 332 1727 a
353 1679 431 1710 natura
447 1668 514 1711 inditi
530 1671 593 1712 uobis
608 1683 685 1712 sensus
702 1683 752 1727 par·

48 1743 94 1774 tem
115 1728 236 1768 retineatis.
273 1726 296 1766 Si
316 1740 340 1766 ea
361 1725 419 1766 sedit
438 1727 562 1782 persuasio,
583 1728 654 1770 allatis
669 1739 751 1770 veorum

49 1784 115 1831 diutia
131 1783 269 1839 impietatem
285 1782 358 1824 doceri
376 1783 489 1839 oportuit,
505 1794 531 1824 ut
546 1799 587 1841 ego
602 1800 653 1826 mea
668 1785 696 1828 de
710 1799 751 1827 vo·

47 1844 83 1890 bis
99 1843 189 1896 judicia=
206 1840 284 1881 vestris
300 1840 398 1895 prolatis,
413 1842 500 1897 liquido
516 1843 667 1884 demonstravi
682 1845 751 1885 lecto·

48 1903 82 1949 xi,
98 1910 124 1941 ut
137 1899 157 1940 'si
173 1899 218 1939 ulla
235 1897 290 1938 rnilri
304 1898 328 1938 in
345 1898 482 1953 proferendis
496 1901 554 1955 apud
570 1909 621 1941 e'urn
638 1901 693 1942 fides
708 1910 749 1952 est,

49 1973 97 2004 non
112 1958 150 2013 ille
168 1971 178 1996 a
195 1966 269 1996 mente
286 1965 356 1996 vestra
371 1957 476 2003 aberrare,
493 1970 536 1997 uec
553 1959 579 1998 ab
593 1958 649 2000 meis
664 1957 751 1999 disten·-

49 2017 92 2061 tire
108 2013 198 2067 judiciis
214 2015 288 2069 possit,
319 2012 380 2069 Quid
397 2024 471 2053 autern
488 2015 595 2056 hactenus
608 2016 666 2057 ultra
680 2027 751 2071 quae-

49 2074 132 2119 stiones
147 2071 247 2118 criticas,
264 2081 303 2112 aut
318 2070 450 2126 megaricam,
465 2073 546 2128 quibus
562 2072 620 2113 nihil
634 2087 688 2115 vcuru
705 2072 750 2114 fide

50 2142 171 2175 commuue
193 2138 236 2176 est,
253 2130 390 2184 protulistis?
419 2127 442 2169 Si
463 2129 518 2184 quid
532 2142 585 2173 vero
600 2130 703 2185 gravius,
725 2130 750 2171 irl

50 2203 118 2232 omne
136 2202 147 2228 a
163 2187 225 2227 vobis
241 2196 371 2241 surruptum
385 2196 423 2227 aut
439 2185 516 2229 fictum
538 2202 597 2240 esse,
620 2195 695 2244 aperte
711 2189 751 2230 do·

1 2278 2 2281 η
50 2245 89 2289 cui
105 2260 144 2301 per
159 2242 246 2299 singula
285 2246 335 2300 Qua
351 2242 373 2283 in
390 2258 413 2284 re
423 2245 481 2286 haud
493 2245 547 2296 scio,
563 2249 749 2299 temeritatemne,

51 2316 80 2346 au
102 2301 232 2344 coecitatem
256 2301 325 2359 magis
347 2301 415 2342 mirer
437 2303 615 2354 commilitonis,
635 2303 675 2361 qui
698 2315 752 2361 post

50 2359 127 2403 Jahnii
147 2373 236 2416 quoque
258 2361 285 2400 arl
306 2374 329 2401 ae
350 2360 423 2400 datam
446 2359 575 2416 epistolam,
597 2373 640 2419 qua
658 2376 752 2406 omnem,

51 2418 119 2458 etiam
134 2416 286 2470 suspicionem
301 2416 396 2458 haeresis
417 2433 466 2461 ase
481 2419 578 2476 depulit,
600 2431 622 2460 et
638 2418 751 2463 contraria

51 2489 64 2516 a
79 2489 101 2515 se
117 2474 172 2516 tradi
188 2473 261 2516 citatis
277 2477 406 2517 Enclziridii
419 2477 474 2520 locis
494 2476 614 2519 iudicavit:
634 2491 680 2519 non
703 2492 751 2520 mo-

1 2537 3 2543 ’
51 2532 80 2573 do
96 2535 172 2573 eadem
190 2533 316 2586 petulanter
329 2533 430 2588 ingerere
446 2535 578 2591 perrexerit,
598 2535 637 2576 sed
652 2549 702 2576 eam
717 2536 752 2592 ip=

3 2599 6 2601 ’
50 2601 98 2631 aam
114 2589 243 2646 epistolam,
266 2602 358 2632 suarum
378 2592 542 2636 calumniarum
560 2602 640 2636 testem
661 2603 684 2636 et
701 2592 753 2648 viuf

50 2690 191 2702 *—

81 2762 182 2819 ainus.
194 2763 259 2805 Rom.
275 2758 394 2823 Inscriptio„
