<?xml version="1.0" encoding="UTF-8"?>
<!DOCTYPE html PUBLIC "-//W3C//DTD XHTML 1.0 Transitional//EN"
    "http://www.w3.org/TR/xhtml1/DTD/xhtml1-transitional.dtd">
<html xmlns="http://www.w3.org/1999/xhtml" xml:lang="en" lang="en">
 <head>
  <title>
</title>
<meta http-equiv="Content-Type" content="text/html;charset=utf-8" />
  <meta name='ocr-system' content='tesseract 3.04.00' />
  <meta name='ocr-capabilities' content='ocr_page ocr_carea ocr_par ocr_line ocrx_word'/>
</head>
<body>
  <div class='ocr_page' id='page_1' title='image "MN41804ucmf_3_0404.png"; bbox 0 0 1686 3135; ppageno 0'>
   <div class='ocr_carea' id='block_1_1' title="bbox 333 128 492 174">
    <p class='ocr_par' dir='ltr' id='par_1_1' title="bbox 333 128 492 174">
     <span class='ocr_line' id='line_1_1' title="bbox 333 128 492 174; baseline 0 0"><span class='ocrx_word' id='word_1_1' title='bbox 333 128 492 174; x_wconf 47' lang='lat'>*374*-</span> 
     </span>
    </p>
   </div>
   <div class='ocr_carea' id='block_1_2' title="bbox 63 244 782 768">
    <p class='ocr_par' dir='ltr' id='par_1_2' title="bbox 63 244 782 768">
     <span class='ocr_line' id='line_1_2' title="bbox 121 244 762 316; baseline 0.002 -23"><span class='ocrx_word' id='word_1_2' title='bbox 121 251 262 306; x_wconf 77' lang='lat' dir='ltr'>Augustinus</span> <span class='ocrx_word' id='word_1_3' title='bbox 281 244 370 316; x_wconf 81' lang='lat' dir='ltr'>inquit,</span> <span class='ocrx_word' id='word_1_4' title='bbox 386 249 405 291; x_wconf 89' lang='lat' dir='ltr'>si</span> <span class='ocrx_word' id='word_1_5' title='bbox 421 249 526 292; x_wconf 82' lang='lat' dir='ltr'>hebraice</span> <span class='ocrx_word' id='word_1_6' title='bbox 540 260 563 291; x_wconf 86' lang='lat' dir='ltr'>et</span> <span class='ocrx_word' id='word_1_7' title='bbox 586 266 664 308; x_wconf 81' lang='lat' dir='ltr'><strong>graece</strong></span> <span class='ocrx_word' id='word_1_8' title='bbox 683 253 762 294; x_wconf 85' lang='lat' dir='ltr'>doctus</span> 
     </span>
     <span class='ocr_line' id='line_1_3' title="bbox 63 308 762 375; baseline 0.004 -26"><span class='ocrx_word' id='word_1_9' title='bbox 63 308 152 357; x_wconf 84' lang='lat' dir='ltr'>fuisset,</span> <span class='ocrx_word' id='word_1_10' title='bbox 169 325 209 366; x_wconf 89' lang='lat' dir='ltr'>pro</span> <span class='ocrx_word' id='word_1_11' title='bbox 225 308 310 374; x_wconf 79' lang='lat' dir='ltr'>ingemi</span> <span class='ocrx_word' id='word_1_12' title='bbox 327 308 485 364; x_wconf 78' lang='lat' dir='ltr'><strong>magnitudine</strong></span> <span class='ocrx_word' id='word_1_13' title='bbox 505 319 527 349; x_wconf 91' lang='lat' dir='ltr'>et</span> <span class='ocrx_word' id='word_1_14' title='bbox 542 309 676 373; x_wconf 76' lang='lat' dir='ltr'>subtilitate,</span> <span class='ocrx_word' id='word_1_15' title='bbox 697 324 762 375; x_wconf 87' lang='lat' dir='ltr'>supe·</span> 
     </span>
     <span class='ocr_line' id='line_1_4' title="bbox 63 365 782 432; baseline 0 -24"><span class='ocrx_word' id='word_1_16' title='bbox 63 379 132 409; x_wconf 87' lang='lat' dir='ltr'>rasset</span> <span class='ocrx_word' id='word_1_17' title='bbox 154 370 215 409; x_wconf 80' lang='lat' dir='ltr'>haud</span> <span class='ocrx_word' id='word_1_18' title='bbox 235 365 301 408; x_wconf 89' lang='lat' dir='ltr'>dubie</span> <span class='ocrx_word' id='word_1_19' title='bbox 322 379 407 408; x_wconf 89' lang='lat' dir='ltr'>ornnes.</span> <span class='ocrx_word' id='word_1_20' title='bbox 443 367 510 406; x_wconf 86' lang='lat' dir='ltr'>Nunc</span> <span class='ocrx_word' id='word_1_21' title='bbox 531 365 566 406; x_wconf 88' lang='lat' dir='ltr'>vir</span> <span class='ocrx_word' id='word_1_22' title='bbox 580 366 606 407; x_wconf 90' lang='lat' dir='ltr'>in</span> <span class='ocrx_word' id='word_1_23' title='bbox 626 366 725 432; x_wconf 76' lang='lat' dir='ltr'>dialectis</span> <span class='ocrx_word' id='word_1_24' title='bbox 741 376 763 408; x_wconf 87' lang='lat' dir='ltr'>et</span> <span class='ocrx_word' id='word_1_25' title='bbox 777 395 782 401; x_wconf 59' lang='lat'>=-</span> 
     </span>
     <span class='ocr_line' id='line_1_5' title="bbox 63 422 762 479; baseline 0.001 -13"><span class='ocrx_word' id='word_1_26' title='bbox 63 426 181 468; x_wconf 85' lang='lat' dir='ltr'>rhetoricis</span> <span class='ocrx_word' id='word_1_27' title='bbox 197 423 348 474; x_wconf 72' lang='lat' dir='ltr'><strong>exercitatior,</strong></span> <span class='ocrx_word' id='word_1_28' title='bbox 366 438 433 479; x_wconf 86' lang='lat' dir='ltr'>quam</span> <span class='ocrx_word' id='word_1_29' title='bbox 451 423 475 463; x_wconf 90' lang='lat' dir='ltr'>in</span> <span class='ocrx_word' id='word_1_30' title='bbox 497 422 661 479; x_wconf 83' lang='lat' dir='ltr'>grammaticis,</span> <span class='ocrx_word' id='word_1_31' title='bbox 683 426 762 467; x_wconf 82' lang='grc' dir='ltr'>1115555·Ι</span> 
     </span>
     <span class='ocr_line' id='line_1_6' title="bbox 65 480 761 548; baseline 0 -25"><span class='ocrx_word' id='word_1_32' title='bbox 65 498 109 540; x_wconf 87' lang='lat' dir='ltr'>que</span> <span class='ocrx_word' id='word_1_33' title='bbox 116 482 207 548; x_wconf 80' lang='lat' dir='ltr'>graecis</span> <span class='ocrx_word' id='word_1_34' title='bbox 224 494 245 523; x_wconf 87' lang='lat' dir='ltr'>et</span> <span class='ocrx_word' id='word_1_35' title='bbox 260 480 379 530; x_wconf 77' lang='lat' dir='ltr'>hebraicis,</span> <span class='ocrx_word' id='word_1_36' title='bbox 404 481 575 523; x_wconf 77' lang='lat' dir='ltr'>commentarios</span> <span class='ocrx_word' id='word_1_37' title='bbox 595 482 690 536; x_wconf 86' lang='lat' dir='ltr'>replevit</span> <span class='ocrx_word' id='word_1_38' title='bbox 710 485 761 524; x_wconf 86' lang='lat' dir='ltr'>alle·</span> 
     </span>
     <span class='ocr_line' id='line_1_7' title="bbox 64 538 760 605; baseline 0.001 -25"><span class='ocrx_word' id='word_1_39' title='bbox 64 539 144 605; x_wconf 77' lang='lat' dir='ltr'>gomis.</span> <span class='ocrx_word' id='word_1_40' title='bbox 162 552 182 581; x_wconf 89' lang='lat' dir='ltr'>et</span> <span class='ocrx_word' id='word_1_41' title='bbox 199 541 260 594; x_wconf 74' lang='lat' dir='ltr'>dign</span> <span class='ocrx_word' id='word_1_42' title='bbox 254 538 371 581; x_wconf 87' lang='lat' dir='ltr'>ssionibus</span> <span class='ocrx_word' id='word_1_43' title='bbox 387 540 530 593; x_wconf 76' lang='lat' dir='ltr'>dogmaticis,</span> <span class='ocrx_word' id='word_1_44' title='bbox 554 553 618 595; x_wconf 80' lang='lat' dir='ltr'>saepe</span> <span class='ocrx_word' id='word_1_45' title='bbox 638 540 701 588; x_wconf 87' lang='lat' dir='ltr'>valde</span> <span class='ocrx_word' id='word_1_46' title='bbox 722 542 760 581; x_wconf 82' lang='lat' dir='ltr'>bo</span> 
     </span>
     <span class='ocr_line' id='line_1_8' title="bbox 64 597 763 653; baseline -0.001 -15"><span class='ocrx_word' id='word_1_47' title='bbox 64 613 113 646; x_wconf 85' lang='grc'><strong><em>5115,</em></strong></span> <span class='ocrx_word' id='word_1_48' title='bbox 131 597 284 652; x_wconf 56' lang='lat' dir='ltr'>quaesiuitque</span> <span class='ocrx_word' id='word_1_49' title='bbox 300 597 404 648; x_wconf 83' lang='lat' dir='ltr'>mysteria</span> <span class='ocrx_word' id='word_1_50' title='bbox 418 597 442 636; x_wconf 92' lang='lat' dir='ltr'>in</span> <span class='ocrx_word' id='word_1_51' title='bbox 458 597 538 644; x_wconf 80' lang='lat' dir='ltr'>verbis,</span> <span class='ocrx_word' id='word_1_52' title='bbox 554 611 610 653; x_wconf 89' lang='lat' dir='ltr'>quae</span> <span class='ocrx_word' id='word_1_53' title='bbox 625 611 690 651; x_wconf 86' lang='lat' dir='ltr'>saepe</span> <span class='ocrx_word' id='word_1_54' title='bbox 705 598 763 643; x_wconf 88' lang='lat' dir='ltr'>adeo</span> 
     </span>
     <span class='ocr_line' id='line_1_9' title="bbox 65 648 771 709; baseline 0.001 -15"><span class='ocrx_word' id='word_1_55' title='bbox 65 665 165 709; x_wconf 80' lang='lat' dir='ltr'>torquet,</span> <span class='ocrx_word' id='word_1_56' title='bbox 188 664 212 693; x_wconf 89' lang='lat' dir='ltr'>ut</span> <span class='ocrx_word' id='word_1_57' title='bbox 232 655 307 693; x_wconf 83' lang='lat' dir='ltr'>ludere</span> <span class='ocrx_word' id='word_1_58' title='bbox 327 654 398 694; x_wconf 80' lang='lat' dir='ltr'>voluis</span> <span class='ocrx_word' id='word_1_59' title='bbox 391 668 423 694; x_wconf 53' lang='lat' dir='ltr'>sse</span> <span class='ocrx_word' id='word_1_60' title='bbox 444 648 553 697; x_wconf 83' lang='lat' dir='ltr'>videatur</span> <span class='ocrx_word' id='word_1_61' title='bbox 595 655 711 696; x_wconf 79' lang='lat' dir='ltr'>Interdum</span> <span class='ocrx_word' id='word_1_62' title='bbox 732 663 771 695; x_wconf 60' lang='lat' dir='ltr'>trs-⁴</span> 
     </span>
     <span class='ocr_line' id='line_1_10' title="bbox 64 707 760 768; baseline 0 -16"><span class='ocrx_word' id='word_1_63' title='bbox 64 727 127 760; x_wconf 83' lang='lat' dir='ltr'>men</span> <span class='ocrx_word' id='word_1_64' title='bbox 146 710 272 752; x_wconf 80' lang='lat' dir='ltr'>felicitate</span> <span class='ocrx_word' id='word_1_65' title='bbox 266 707 364 765; x_wconf 75' lang='lat' dir='ltr'>ingenii,</span> <span class='ocrx_word' id='word_1_66' title='bbox 380 726 427 752; x_wconf 90' lang='lat' dir='ltr'>non</span> <span class='ocrx_word' id='word_1_67' title='bbox 444 713 510 757; x_wconf 86' lang='lat' dir='ltr'>modo</span> <span class='ocrx_word' id='word_1_68' title='bbox 533 713 635 768; x_wconf 84' lang='lat' dir='ltr'>sequitur</span> <span class='ocrx_word' id='word_1_69' title='bbox 649 712 760 757; x_wconf 81' lang='lat' dir='ltr'>meliores</span> 
     </span>
    </p>
   </div>
   <div class='ocr_carea' id='block_1_3' title="bbox 63 768 823 834">
    <p class='ocr_par' dir='ltr' id='par_1_3' title="bbox 63 768 823 834">
     <span class='ocr_line' id='line_1_11' title="bbox 63 768 823 834; baseline 0.001 -25"><span class='ocrx_word' id='word_1_70' title='bbox 63 768 203 834; x_wconf 79' lang='lat' dir='ltr'>superiorum</span> <span class='ocrx_word' id='word_1_71' title='bbox 226 768 249 807; x_wconf 89' lang='lat' dir='ltr'>in</span> <span class='ocrx_word' id='word_1_72' title='bbox 254 768 432 822; x_wconf 51' lang='lat' dir='ltr'>twerpreationes,</span> <span class='ocrx_word' id='word_1_73' title='bbox 461 770 586 813; x_wconf 86' lang='lat' dir='ltr'>sedetiam</span> <span class='ocrx_word' id='word_1_74' title='bbox 608 784 648 811; x_wconf 85' lang='lat' dir='ltr'>sua</span> <span class='ocrx_word' id='word_1_75' title='bbox 673 779 761 825; x_wconf 88' lang='lat' dir='ltr'>sponte,</span> <span class='ocrx_word' id='word_1_76' title='bbox 821 798 823 804; x_wconf 50' lang='lat'><strong>.</strong></span> 
     </span>
    </p>
   </div>
   <div class='ocr_carea' id='block_1_4' title="bbox 55 825 764 2670">
    <p class='ocr_par' dir='ltr' id='par_1_4' title="bbox 55 825 762 1743">
     <span class='ocr_line' id='line_1_12' title="bbox 63 825 762 880; baseline 0 -13"><span class='ocrx_word' id='word_1_77' title='bbox 63 840 112 867; x_wconf 68' lang='lat' dir='ltr'>mai</span> <span class='ocrx_word' id='word_1_78' title='bbox 109 825 160 866; x_wconf 87' lang='lat' dir='ltr'>ime</span> <span class='ocrx_word' id='word_1_79' title='bbox 176 828 199 865; x_wconf 91' lang='lat' dir='ltr'>in</span> <span class='ocrx_word' id='word_1_80' title='bbox 216 825 276 865; x_wconf 85' lang='lat' dir='ltr'>libris</span> <span class='ocrx_word' id='word_1_81' title='bbox 294 826 438 880; x_wconf 69' lang='lat' dir='ltr'>dogmaticis,</span> <span class='ocrx_word' id='word_1_82' title='bbox 458 842 536 868; x_wconf 75' lang='lat' dir='ltr'>verum</span> <span class='ocrx_word' id='word_1_83' title='bbox 552 828 619 869; x_wconf 88' lang='lat' dir='ltr'>videt.</span> <span class='ocrx_word' id='word_1_84' title='bbox 655 827 762 874; x_wconf 80' lang='lat' dir='ltr'>Ceterum</span> 
     </span>
     <span class='ocr_line' id='line_1_13' title="bbox 63 883 760 949; baseline 0.001 -25"><span class='ocrx_word' id='word_1_85' title='bbox 63 885 118 925; x_wconf 84' lang='lat' dir='ltr'>haec</span> <span class='ocrx_word' id='word_1_86' title='bbox 135 886 190 924; x_wconf 90' lang='lat' dir='ltr'>ratio</span> <span class='ocrx_word' id='word_1_87' title='bbox 207 883 314 947; x_wconf 72' lang='lat' dir='ltr'>lutterpre</span> <span class='ocrx_word' id='word_1_88' title='bbox 308 883 381 928; x_wconf 77' lang='lat' dir='ltr'>tandi.</span> <span class='ocrx_word' id='word_1_89' title='bbox 399 883 451 940; x_wconf 80' lang='lat' dir='ltr'>quia</span> <span class='ocrx_word' id='word_1_90' title='bbox 468 899 514 925; x_wconf 89' lang='lat' dir='ltr'>non</span> <span class='ocrx_word' id='word_1_91' title='bbox 532 900 588 940; x_wconf 91' lang='lat' dir='ltr'>opus</span> <span class='ocrx_word' id='word_1_92' title='bbox 605 886 670 925; x_wconf 81' lang='lat' dir='ltr'>babet</span> <span class='ocrx_word' id='word_1_93' title='bbox 683 884 760 949; x_wconf 79' lang='lat' dir='ltr'>literis,</span> 
     </span>
     <span class='ocr_line' id='line_1_14' title="bbox 63 939 761 991; baseline 0 -10"><span class='ocrx_word' id='word_1_94' title='bbox 63 939 419 985; x_wconf 74' lang='grc'><strong><em>555115110555551-0515[1551551155</em></strong></span> <span class='ocrx_word' id='word_1_95' title='bbox 437 941 509 983; x_wconf 91' lang='lat' dir='ltr'>utitur</span> <span class='ocrx_word' id='word_1_96' title='bbox 524 957 535 983; x_wconf 86' lang='lat' dir='ltr'>e</span> <span class='ocrx_word' id='word_1_97' title='bbox 552 941 623 984; x_wconf 82' lang='grc'><strong><em>5511115</em></strong></span> <span class='ocrx_word' id='word_1_98' title='bbox 643 941 761 991; x_wconf 83' lang='lat' dir='ltr'>versionis,</span> 
     </span>
     <span class='ocr_line' id='line_1_15' title="bbox 61 997 761 1055; baseline -0.001 -16"><span class='ocrx_word' id='word_1_99' title='bbox 61 1014 128 1040; x_wconf 90' lang='lat' dir='ltr'>sensu</span> <span class='ocrx_word' id='word_1_100' title='bbox 144 998 230 1055; x_wconf 66' lang='lat' dir='ltr'>uulgari</span> <span class='ocrx_word' id='word_1_101' title='bbox 242 997 312 1038; x_wconf 86' lang='lat' dir='ltr'>latino</span> <span class='ocrx_word' id='word_1_102' title='bbox 330 998 435 1054; x_wconf 86' lang='lat' dir='ltr'>acceptis.</span> <span class='ocrx_word' id='word_1_103' title='bbox 458 1011 480 1040; x_wconf 88' lang='lat' dir='ltr'>et</span> <span class='ocrx_word' id='word_1_104' title='bbox 496 1001 523 1041; x_wconf 88' lang='lat' dir='ltr'>ad</span> <span class='ocrx_word' id='word_1_105' title='bbox 539 998 664 1054; x_wconf 70' lang='lat' dir='ltr'>astrologiam</span> <span class='ocrx_word' id='word_1_106' title='bbox 680 998 761 1041; x_wconf 84' lang='lat' dir='ltr'>doctri-</span> 
     </span>
     <span class='ocr_line' id='line_1_16' title="bbox 62 1055 761 1113; baseline -0.001 -16"><span class='ocrx_word' id='word_1_107' title='bbox 62 1071 104 1097; x_wconf 80' lang='lat' dir='ltr'>nue</span> <span class='ocrx_word' id='word_1_108' title='bbox 119 1057 207 1102; x_wconf 83' lang='lat' dir='ltr'>relatis,</span> <span class='ocrx_word' id='word_1_109' title='bbox 223 1055 367 1110; x_wconf 83' lang='lat' dir='ltr'>sequentibus</span> <span class='ocrx_word' id='word_1_110' title='bbox 381 1059 467 1107; x_wconf 78' lang='lat' dir='ltr'>seculis,</span> <span class='ocrx_word' id='word_1_111' title='bbox 483 1072 539 1112; x_wconf 86' lang='lat' dir='ltr'>quae</span> <span class='ocrx_word' id='word_1_112' title='bbox 553 1067 576 1099; x_wconf 84' lang='lat' dir='ltr'>et</span> <span class='ocrx_word' id='word_1_113' title='bbox 590 1058 637 1113; x_wconf 88' lang='lat' dir='ltr'>ipsa</span> <span class='ocrx_word' id='word_1_114' title='bbox 653 1057 697 1098; x_wconf 87' lang='lat' dir='ltr'>illis</span> <span class='ocrx_word' id='word_1_115' title='bbox 712 1055 761 1097; x_wconf 90' lang='lat' dir='ltr'>lite·</span> 
     </span>
     <span class='ocr_line' id='line_1_17' title="bbox 62 1114 760 1170; baseline 0 -17"><span class='ocrx_word' id='word_1_116' title='bbox 62 1114 92 1155; x_wconf 86' lang='lat' dir='ltr'>ris</span> <span class='ocrx_word' id='word_1_117' title='bbox 114 1117 231 1165; x_wconf 73' lang='lat' dir='ltr'>carebant,</span> <span class='ocrx_word' id='word_1_118' title='bbox 249 1114 342 1153; x_wconf 86' lang='lat' dir='ltr'>lectores</span> <span class='ocrx_word' id='word_1_119' title='bbox 365 1124 387 1153; x_wconf 89' lang='lat' dir='ltr'>et</span> <span class='ocrx_word' id='word_1_120' title='bbox 407 1115 550 1156; x_wconf 80' lang='lat' dir='ltr'>admiratores</span> <span class='ocrx_word' id='word_1_121' title='bbox 573 1116 656 1170; x_wconf 85' lang='lat' dir='ltr'>reperit</span> <span class='ocrx_word' id='word_1_122' title='bbox 676 1114 760 1168; x_wconf 87' lang='lat' dir='ltr'>plures,</span> 
     </span>
     <span class='ocr_line' id='line_1_18' title="bbox 62 1171 761 1227; baseline -0.001 -15"><span class='ocrx_word' id='word_1_123' title='bbox 62 1186 130 1227; x_wconf 84' lang='lat' dir='ltr'>quam</span> <span class='ocrx_word' id='word_1_124' title='bbox 145 1172 303 1224; x_wconf 78' lang='lat' dir='ltr'>Hieronymus,</span> <span class='ocrx_word' id='word_1_125' title='bbox 334 1174 410 1226; x_wconf 88' lang='lat' dir='ltr'>ltaque</span> <span class='ocrx_word' id='word_1_126' title='bbox 425 1173 558 1227; x_wconf 82' lang='lat' dir='ltr'>interpretes</span> <span class='ocrx_word' id='word_1_127' title='bbox 571 1171 642 1226; x_wconf 78' lang='lat' dir='ltr'>latini,</span> <span class='ocrx_word' id='word_1_128' title='bbox 660 1171 699 1226; x_wconf 90' lang='lat' dir='ltr'>qui</span> <span class='ocrx_word' id='word_1_129' title='bbox 710 1180 761 1227; x_wconf 84' lang='lat' dir='ltr'>post</span> 
     </span>
     <span class='ocr_line' id='line_1_19' title="bbox 61 1228 761 1284; baseline -0.001 -15"><span class='ocrx_word' id='word_1_130' title='bbox 61 1230 137 1275; x_wconf 81' lang='lat' dir='ltr'>fuere,</span> <span class='ocrx_word' id='word_1_131' title='bbox 159 1243 230 1284; x_wconf 84' lang='lat' dir='ltr'>usque</span> <span class='ocrx_word' id='word_1_132' title='bbox 246 1229 273 1268; x_wconf 90' lang='lat' dir='ltr'>ad</span> <span class='ocrx_word' id='word_1_133' title='bbox 293 1228 478 1271; x_wconf 80' lang='lat' dir='ltr'>instaurationem</span> <span class='ocrx_word' id='word_1_134' title='bbox 498 1244 625 1281; x_wconf 85' lang='lat' dir='ltr'>sacrorum,</span> <span class='ocrx_word' id='word_1_135' title='bbox 645 1230 686 1270; x_wconf 90' lang='lat' dir='ltr'>toti</span> <span class='ocrx_word' id='word_1_136' title='bbox 707 1242 761 1283; x_wconf 89' lang='lat' dir='ltr'>pen·</span> 
     </span>
     <span class='ocr_line' id='line_1_20' title="bbox 62 1285 762 1351; baseline 0 -23"><span class='ocrx_word' id='word_1_137' title='bbox 62 1288 115 1328; x_wconf 87' lang='lat' dir='ltr'>dent</span> <span class='ocrx_word' id='word_1_138' title='bbox 128 1303 153 1328; x_wconf 80' lang='lat' dir='ltr'>ex</span> <span class='ocrx_word' id='word_1_139' title='bbox 169 1285 306 1341; x_wconf 79' lang='lat' dir='ltr'>Augustino</span> <span class='ocrx_word' id='word_1_140' title='bbox 329 1287 393 1326; x_wconf 91' lang='lat' dir='ltr'>cuius</span> <span class='ocrx_word' id='word_1_141' title='bbox 414 1286 605 1351; x_wconf 84' lang='lat' dir='ltr'>interpretationes</span> <span class='ocrx_word' id='word_1_142' title='bbox 625 1300 670 1327; x_wconf 92' lang='lat' dir='ltr'>non</span> <span class='ocrx_word' id='word_1_143' title='bbox 692 1286 762 1328; x_wconf 71' lang='lat' dir='ltr'>modo,</span> 
     </span>
     <span class='ocr_line' id='line_1_21' title="bbox 62 1342 761 1409; baseline -0.003 -25"><span class='ocrx_word' id='word_1_144' title='bbox 62 1359 74 1384; x_wconf 91' lang='lat' dir='ltr'>e</span> <span class='ocrx_word' id='word_1_145' title='bbox 90 1342 266 1390; x_wconf 82' lang='lat' dir='ltr'>commentariis,</span> <span class='ocrx_word' id='word_1_146' title='bbox 283 1343 329 1385; x_wconf 86' lang='lat' dir='ltr'>sive</span> <span class='ocrx_word' id='word_1_147' title='bbox 345 1343 506 1385; x_wconf 83' lang='lat' dir='ltr'>sermonibus</span> <span class='ocrx_word' id='word_1_148' title='bbox 499 1358 524 1384; x_wconf 82' lang='lat' dir='ltr'>in</span> <span class='ocrx_word' id='word_1_149' title='bbox 540 1346 607 1385; x_wconf 89' lang='lat' dir='ltr'>libros</span> <span class='ocrx_word' id='word_1_150' title='bbox 622 1357 706 1409; x_wconf 83' lang='lat' dir='ltr'>sacros,</span> <span class='ocrx_word' id='word_1_151' title='bbox 722 1343 761 1383; x_wconf 86' lang='lat' dir='ltr'>sed</span> 
     </span>
     <span class='ocr_line' id='line_1_22' title="bbox 55 1400 761 1467; baseline -0.003 -25"><span class='ocrx_word' id='word_1_152' title='bbox 55 1402 158 1443; x_wconf 66' lang='lat' dir='ltr'>stirme</span> <span class='ocrx_word' id='word_1_153' title='bbox 178 1400 239 1442; x_wconf 87' lang='lat' dir='ltr'>libris</span> <span class='ocrx_word' id='word_1_154' title='bbox 256 1400 336 1443; x_wconf 85' lang='lat' dir='ltr'>ceteris</span> <span class='ocrx_word' id='word_1_155' title='bbox 352 1402 468 1448; x_wconf 88' lang='lat' dir='ltr'>omnibus,</span> <span class='ocrx_word' id='word_1_156' title='bbox 491 1400 638 1467; x_wconf 81' lang='lat' dir='ltr'>inprimisque</span> <span class='ocrx_word' id='word_1_157' title='bbox 658 1400 699 1449; x_wconf 88' lang='lat' dir='ltr'>iis,</span> <span class='ocrx_word' id='word_1_158' title='bbox 720 1400 761 1463; x_wconf 87' lang='lat' dir='ltr'>qui</span> 
     </span>
     <span class='ocr_line' id='line_1_23' title="bbox 62 1456 760 1514; baseline -0.004 -14"><span class='ocrx_word' id='word_1_159' title='bbox 62 1462 166 1501; x_wconf 69' lang='lat' dir='ltr'>adsersus</span> <span class='ocrx_word' id='word_1_160' title='bbox 181 1458 287 1508; x_wconf 86' lang='lat' dir='ltr'>Arianos,</span> <span class='ocrx_word' id='word_1_161' title='bbox 309 1459 425 1514; x_wconf 81' lang='lat' dir='ltr'>Pelagium</span> <span class='ocrx_word' id='word_1_162' title='bbox 447 1468 470 1500; x_wconf 92' lang='lat' dir='ltr'>et</span> <span class='ocrx_word' id='word_1_163' title='bbox 487 1462 591 1510; x_wconf 84' lang='lat' dir='ltr'>asseclas,</span> <span class='ocrx_word' id='word_1_164' title='bbox 613 1458 667 1499; x_wconf 90' lang='lat' dir='ltr'>item</span> <span class='ocrx_word' id='word_1_165' title='bbox 688 1456 760 1498; x_wconf 83' lang='grc'><strong><em>1115511-</em></strong></span> 
     </span>
     <span class='ocr_line' id='line_1_24' title="bbox 62 1491 761 1571; baseline 0.001 -17"><span class='ocrx_word' id='word_1_166' title='bbox 62 1520 143 1558; x_wconf 74' lang='lat' dir='ltr'>chneos</span> <span class='ocrx_word' id='word_1_167' title='bbox 159 1516 236 1570; x_wconf 74' lang='lat' dir='ltr'>scripti</span> <span class='ocrx_word' id='word_1_168' title='bbox 253 1526 318 1567; x_wconf 90' lang='lat' dir='ltr'>sunt,</span> <span class='ocrx_word' id='word_1_169' title='bbox 338 1491 446 1557; x_wconf 77' lang='lat' dir='ltr'>laboriose</span> <span class='ocrx_word' id='word_1_170' title='bbox 462 1493 605 1571; x_wconf 59' lang='lat' dir='ltr'>collegerunt,</span> <span class='ocrx_word' id='word_1_171' title='bbox 621 1526 648 1556; x_wconf 89' lang='lat' dir='ltr'>ut</span> <span class='ocrx_word' id='word_1_172' title='bbox 666 1518 761 1564; x_wconf 74' lang='lat' dir='ltr'>Thomas</span> 
     </span>
     <span class='ocr_line' id='line_1_25' title="bbox 61 1572 760 1629; baseline -0.003 -14"><span class='ocrx_word' id='word_1_173' title='bbox 61 1575 86 1615; x_wconf 89' lang='lat' dir='ltr'>in</span> <span class='ocrx_word' id='word_1_174' title='bbox 103 1576 184 1616; x_wconf 84' lang='lat' dir='ltr'>Catena</span> <span class='ocrx_word' id='word_1_175' title='bbox 201 1585 276 1623; x_wconf 69' lang='lat' dir='ltr'>aurea,</span> <span class='ocrx_word' id='word_1_176' title='bbox 292 1583 397 1614; x_wconf 87' lang='lat' dir='ltr'>ettotam</span> <span class='ocrx_word' id='word_1_177' title='bbox 412 1572 620 1629; x_wconf 80' lang='lat' dir='ltr'>interpretationem</span> <span class='ocrx_word' id='word_1_178' title='bbox 634 1575 661 1615; x_wconf 90' lang='grc' dir='ltr'>Ν.</span> <span class='ocrx_word' id='word_1_179' title='bbox 678 1576 705 1622; x_wconf 82' lang='grc' dir='ltr'>Τ.</span> <span class='ocrx_word' id='word_1_180' title='bbox 718 1575 760 1616; x_wconf 45' lang='lat' dir='ltr'>Aa,</span> 
     </span>
     <span class='ocr_line' id='line_1_26' title="bbox 61 1630 324 1688; baseline -0.008 -15.862"><span class='ocrx_word' id='word_1_181' title='bbox 61 1647 111 1688; x_wconf 74' lang='lat' dir='ltr'>gns</span> <span class='ocrx_word' id='word_1_182' title='bbox 105 1632 213 1673; x_wconf 88' lang='lat' dir='ltr'>inianam</span> <span class='ocrx_word' id='word_1_183' title='bbox 229 1630 307 1671; x_wconf 81' lang='lat' dir='ltr'>fecere</span> <span class='ocrx_word' id='word_1_184' title='bbox 310 1637 324 1654; x_wconf 80' lang='lat'>‘⁶</span> 
     </span>
     <span class='ocr_line' id='line_1_27' title="bbox 119 1687 760 1744; baseline 0.002 -15"><span class='ocrx_word' id='word_1_185' title='bbox 119 1691 192 1742; x_wconf 83' lang='lat' dir='ltr'>„Nam</span> <span class='ocrx_word' id='word_1_186' title='bbox 208 1701 264 1742; x_wconf 86' lang='lat' dir='ltr'>quae</span> <span class='ocrx_word' id='word_1_187' title='bbox 280 1689 306 1727; x_wconf 87' lang='lat' dir='ltr'>ab</span> <span class='ocrx_word' id='word_1_188' title='bbox 321 1687 407 1744; x_wconf 82' lang='lat' dir='ltr'>rlnglis,</span> <span class='ocrx_word' id='word_1_189' title='bbox 421 1699 447 1729; x_wconf 91' lang='lat' dir='ltr'>ut</span> <span class='ocrx_word' id='word_1_190' title='bbox 462 1691 527 1730; x_wconf 78' lang='lat' dir='ltr'>Beda</span> <span class='ocrx_word' id='word_1_191' title='bbox 542 1699 563 1731; x_wconf 91' lang='grc'>51</span> <span class='ocrx_word' id='word_1_192' title='bbox 577 1690 685 1737; x_wconf 73' lang='lat' dir='ltr'>Atesim,</span> <span class='ocrx_word' id='word_1_193' title='bbox 701 1700 760 1743; x_wconf 86' lang='lat' dir='ltr'>post·</span> 
     </span>
    </p>

    <p class='ocr_par' dir='ltr' id='par_1_5' title="bbox 55 1746 764 2670">
     <span class='ocr_line' id='line_1_28' title="bbox 61 1746 764 1804; baseline -0.003 -16"><span class='ocrx_word' id='word_1_194' title='bbox 61 1749 149 1804; x_wconf 90' lang='lat' dir='ltr'>quaml</span> <span class='ocrx_word' id='word_1_195' title='bbox 152 1747 218 1787; x_wconf 83' lang='lat' dir='ltr'>iteras</span> <span class='ocrx_word' id='word_1_196' title='bbox 234 1758 325 1799; x_wconf 81' lang='lat' dir='ltr'>graecae</span> <span class='ocrx_word' id='word_1_197' title='bbox 339 1746 398 1786; x_wconf 87' lang='lat' dir='ltr'>inter</span> <span class='ocrx_word' id='word_1_198' title='bbox 412 1760 452 1788; x_wconf 90' lang='lat' dir='ltr'>nos</span> <span class='ocrx_word' id='word_1_199' title='bbox 468 1748 511 1789; x_wconf 88' lang='lat' dir='ltr'>coli</span> <span class='ocrx_word' id='word_1_200' title='bbox 523 1748 655 1803; x_wconf 85' lang='lat' dir='ltr'>coepissent,</span> <span class='ocrx_word' id='word_1_201' title='bbox 671 1747 764 1791; x_wconf 68' lang='lat' dir='ltr'>eGrae-‚</span> 
     </span>
     <span class='ocr_line' id='line_1_29' title="bbox 59 1802 760 1858; baseline -0.001 -13"><span class='ocrx_word' id='word_1_202' title='bbox 59 1805 104 1853; x_wconf 90' lang='lat' dir='ltr'>cis,</span> <span class='ocrx_word' id='word_1_203' title='bbox 122 1806 225 1858; x_wconf 82' lang='lat' dir='ltr'>Chrysost</span> <span class='ocrx_word' id='word_1_204' title='bbox 228 1817 289 1850; x_wconf 88' lang='lat' dir='ltr'>omo,</span> <span class='ocrx_word' id='word_1_205' title='bbox 311 1813 332 1844; x_wconf 90' lang='lat' dir='ltr'>et</span> <span class='ocrx_word' id='word_1_206' title='bbox 348 1817 359 1843; x_wconf 86' lang='lat' dir='ltr'>e</span> <span class='ocrx_word' id='word_1_207' title='bbox 373 1802 446 1845; x_wconf 88' lang='lat' dir='ltr'>literat</span> <span class='ocrx_word' id='word_1_208' title='bbox 439 1814 487 1845; x_wconf 88' lang='lat' dir='ltr'>tura</span> <span class='ocrx_word' id='word_1_209' title='bbox 502 1805 604 1847; x_wconf 88' lang='lat' dir='ltr'>hebraica</span> <span class='ocrx_word' id='word_1_210' title='bbox 625 1819 636 1851; x_wconf 85' lang='lat' dir='ltr'>a</span> <span class='ocrx_word' id='word_1_211' title='bbox 656 1806 708 1846; x_wconf 82' lang='lat' dir='ltr'>Nic</span> <span class='ocrx_word' id='word_1_212' title='bbox 723 1805 760 1844; x_wconf 88' lang='lat' dir='ltr'>Li·</span> 
     </span>
     <span class='ocr_line' id='line_1_30' title="bbox 58 1860 760 1915; baseline -0.001 -11"><span class='ocrx_word' id='word_1_213' title='bbox 58 1862 386 1915; x_wconf 52' lang='grc'><strong><em>5555511355151355555551,</em></strong></span> <span class='ocrx_word' id='word_1_214' title='bbox 410 1860 490 1903; x_wconf 87' lang='lat' dir='ltr'>Lirani</span> <span class='ocrx_word' id='word_1_215' title='bbox 505 1862 675 1914; x_wconf 84' lang='lat' dir='ltr'>continuatore,</span> <span class='ocrx_word' id='word_1_216' title='bbox 692 1862 760 1903; x_wconf 83' lang='lat' dir='ltr'>ducta</span> 
     </span>
     <span class='ocr_line' id='line_1_31' title="bbox 59 1917 758 1987; baseline -0.004 -25"><span class='ocrx_word' id='word_1_217' title='bbox 59 1932 124 1968; x_wconf 83' lang='lat' dir='ltr'>sunt,</span> <span class='ocrx_word' id='word_1_218' title='bbox 147 1935 171 1960; x_wconf 88' lang='lat' dir='ltr'>ea</span> <span class='ocrx_word' id='word_1_219' title='bbox 187 1917 264 1959; x_wconf 88' lang='lat' dir='ltr'>tenuia</span> <span class='ocrx_word' id='word_1_220' title='bbox 280 1930 333 1959; x_wconf 87' lang='lat' dir='ltr'>sunt</span> <span class='ocrx_word' id='word_1_221' title='bbox 348 1930 370 1959; x_wconf 89' lang='lat' dir='ltr'>et</span> <span class='ocrx_word' id='word_1_222' title='bbox 384 1933 467 1985; x_wconf 80' lang='lat' dir='ltr'>pauca,</span> <span class='ocrx_word' id='word_1_223' title='bbox 479 1934 624 1987; x_wconf 82' lang='lat' dir='ltr'>quamquam</span> <span class='ocrx_word' id='word_1_224' title='bbox 640 1934 687 1961; x_wconf 89' lang='lat' dir='ltr'>non</span> <span class='ocrx_word' id='word_1_225' title='bbox 706 1933 758 1960; x_wconf 88' lang='lat' dir='ltr'>con·</span> 
     </span>
     <span class='ocr_line' id='line_1_32' title="bbox 58 1976 759 2041; baseline -0.003 -22"><span class='ocrx_word' id='word_1_226' title='bbox 58 1979 187 2019; x_wconf 81' lang='lat' dir='ltr'>temnenda</span> <span class='ocrx_word' id='word_1_227' title='bbox 218 1980 289 2031; x_wconf 86' lang='lat' dir='ltr'>Atque</span> <span class='ocrx_word' id='word_1_228' title='bbox 305 1976 372 2024; x_wconf 85' lang='lat' dir='ltr'>etiam</span> <span class='ocrx_word' id='word_1_229' title='bbox 389 1977 500 2041; x_wconf 82' lang='lat' dir='ltr'>proximis</span> <span class='ocrx_word' id='word_1_230' title='bbox 511 1979 537 2018; x_wconf 89' lang='lat' dir='ltr'>ab</span> <span class='ocrx_word' id='word_1_231' title='bbox 553 1976 716 2019; x_wconf 84' lang='lat' dir='ltr'>instauratione</span> <span class='ocrx_word' id='word_1_232' title='bbox 727 1990 759 2018; x_wconf 82' lang='lat' dir='ltr'>sa-</span> 
     </span>
     <span class='ocr_line' id='line_1_33' title="bbox 58 2033 760 2090; baseline -0.001 -14"><span class='ocrx_word' id='word_1_233' title='bbox 58 2050 149 2077; x_wconf 88' lang='lat' dir='ltr'>crorum</span> <span class='ocrx_word' id='word_1_234' title='bbox 164 2034 318 2089; x_wconf 84' lang='lat' dir='ltr'>temporibus,</span> <span class='ocrx_word' id='word_1_235' title='bbox 335 2049 386 2074; x_wconf 89' lang='lat' dir='ltr'>cum</span> <span class='ocrx_word' id='word_1_236' title='bbox 404 2033 470 2088; x_wconf 87' lang='lat' dir='ltr'>primi</span> <span class='ocrx_word' id='word_1_237' title='bbox 487 2035 585 2090; x_wconf 83' lang='lat' dir='ltr'>theolog&#39;</span> <span class='ocrx_word' id='word_1_238' title='bbox 566 2050 586 2074; x_wconf 69' lang='lat'>01</span> <span class='ocrx_word' id='word_1_239' title='bbox 603 2044 674 2076; x_wconf 85' lang='lat' dir='ltr'>essent</span> <span class='ocrx_word' id='word_1_240' title='bbox 690 2033 710 2076; x_wconf 92' lang='lat' dir='ltr'>ei</span> <span class='ocrx_word' id='word_1_241' title='bbox 726 2048 760 2075; x_wconf 69' lang='lat' dir='ltr'>ra-v</span> 
     </span>
     <span class='ocr_line' id='line_1_34' title="bbox 58 2090 758 2145; baseline -0.006 -11"><span class='ocrx_word' id='word_1_242' title='bbox 58 2092 118 2134; x_wconf 87' lang='lat' dir='ltr'>tioni</span> <span class='ocrx_word' id='word_1_243' title='bbox 133 2090 255 2141; x_wconf 89' lang='lat' dir='ltr'>adsueti,</span> <span class='ocrx_word' id='word_1_244' title='bbox 248 2091 352 2145; x_wconf 81' lang='lat' dir='ltr'>inprimis</span> <span class='ocrx_word' id='word_1_245' title='bbox 370 2094 463 2133; x_wconf 74' lang='lat' dir='ltr'>Lutberr</span> <span class='ocrx_word' id='word_1_246' title='bbox 457 2108 488 2144; x_wconf 85' lang='lat' dir='ltr'>m,</span> <span class='ocrx_word' id='word_1_247' title='bbox 504 2094 617 2136; x_wconf 85' lang='lat' dir='ltr'>necdum</span> <span class='ocrx_word' id='word_1_248' title='bbox 633 2092 704 2133; x_wconf 90' lang='lat' dir='ltr'>literis</span> <span class='ocrx_word' id='word_1_249' title='bbox 720 2092 758 2131; x_wconf 88' lang='lat' dir='ltr'>be-</span> 
     </span>
     <span class='ocr_line' id='line_1_35' title="bbox 57 2148 759 2206; baseline -0.007 -15"><span class='ocrx_word' id='word_1_250' title='bbox 57 2150 138 2192; x_wconf 83' lang='lat' dir='ltr'>braicis</span> <span class='ocrx_word' id='word_1_251' title='bbox 153 2160 175 2191; x_wconf 88' lang='lat' dir='ltr'>et</span> <span class='ocrx_word' id='word_1_252' title='bbox 190 2148 272 2205; x_wconf 81' lang='lat' dir='ltr'>graecis</span> <span class='ocrx_word' id='word_1_253' title='bbox 287 2150 315 2188; x_wconf 86' lang='lat' dir='ltr'>ad</span> <span class='ocrx_word' id='word_1_254' title='bbox 327 2160 456 2190; x_wconf 85' lang='lat' dir='ltr'>nostrorum</span> <span class='ocrx_word' id='word_1_255' title='bbox 473 2162 599 2206; x_wconf 80' lang='lat' dir='ltr'>temporum</span> <span class='ocrx_word' id='word_1_256' title='bbox 615 2151 708 2190; x_wconf 85' lang='lat' dir='ltr'>modum</span> <span class='ocrx_word' id='word_1_257' title='bbox 724 2148 759 2187; x_wconf 88' lang='lat' dir='ltr'>in-</span> 
     </span>
     <span class='ocr_line' id='line_1_36' title="bbox 56 2204 758 2270; baseline -0.006 -21"><span class='ocrx_word' id='word_1_258' title='bbox 56 2208 151 2256; x_wconf 86' lang='lat' dir='ltr'>structi,</span> <span class='ocrx_word' id='word_1_259' title='bbox 166 2210 305 2261; x_wconf 76' lang='lat' dir='ltr'>Augustinus</span> <span class='ocrx_word' id='word_1_260' title='bbox 321 2207 445 2261; x_wconf 83' lang='lat' dir='ltr'>plurimum</span> <span class='ocrx_word' id='word_1_261' title='bbox 460 2208 543 2255; x_wconf 87' lang='lat' dir='ltr'>valuit,</span> <span class='ocrx_word' id='word_1_262' title='bbox 566 2218 592 2247; x_wconf 90' lang='lat' dir='ltr'>ut</span> <span class='ocrx_word' id='word_1_263' title='bbox 608 2221 674 2270; x_wconf 77' lang='lat' dir='ltr'>quern</span> <span class='ocrx_word' id='word_1_264' title='bbox 690 2204 758 2247; x_wconf 87' lang='lat' dir='ltr'>etiarn</span> 
     </span>
     <span class='ocr_line' id='line_1_37' title="bbox 59 2262 759 2320; baseline -0.01 -11"><span class='ocrx_word' id='word_1_265' title='bbox 59 2268 191 2309; x_wconf 82' lang='lat' dir='ltr'>Victorinus</span> <span class='ocrx_word' id='word_1_266' title='bbox 203 2266 332 2320; x_wconf 82' lang='lat' dir='ltr'>Strigelt&#39;us,</span> <span class='ocrx_word' id='word_1_267' title='bbox 348 2262 383 2304; x_wconf 86' lang='lat' dir='ltr'>vir</span> <span class='ocrx_word' id='word_1_268' title='bbox 399 2262 576 2320; x_wconf 84' lang='lat' dir='ltr'>elegantissimae</span> <span class='ocrx_word' id='word_1_269' title='bbox 592 2263 720 2309; x_wconf 87' lang='lat' dir='ltr'>doctrinae,</span> <span class='ocrx_word' id='word_1_270' title='bbox 736 2271 759 2303; x_wconf 90' lang='lat' dir='ltr'>et</span> 
     </span>
     <span class='ocr_line' id='line_1_38' title="bbox 55 2320 758 2385; baseline -0.009 -20"><span class='ocrx_word' id='word_1_271' title='bbox 55 2324 115 2365; x_wconf 85' lang='lat' dir='ltr'>inter</span> <span class='ocrx_word' id='word_1_272' title='bbox 135 2323 231 2379; x_wconf 87' lang='lat' dir='ltr'>optimos</span> <span class='ocrx_word' id='word_1_273' title='bbox 254 2322 315 2363; x_wconf 85' lang='lat' dir='ltr'>illius</span> <span class='ocrx_word' id='word_1_274' title='bbox 339 2321 414 2364; x_wconf 85' lang='lat' dir='ltr'>aetatis</span> <span class='ocrx_word' id='word_1_275' title='bbox 438 2324 570 2378; x_wconf 87' lang='lat' dir='ltr'>interpretes</span> <span class='ocrx_word' id='word_1_276' title='bbox 596 2320 758 2385; x_wconf 67' lang='lat' dir='ltr'>numerandus,</span> 
     </span>
     <span class='ocr_line' id='line_1_39' title="bbox 55 2381 758 2434; baseline -0.012 -10"><span class='ocrx_word' id='word_1_277' title='bbox 55 2385 138 2424; x_wconf 88' lang='lat' dir='ltr'>Locor.</span> <span class='ocrx_word' id='word_1_278' title='bbox 161 2381 227 2424; x_wconf 88' lang='lat' dir='ltr'>theol</span> <span class='ocrx_word' id='word_1_279' title='bbox 248 2381 272 2423; x_wconf 91' lang='lat' dir='ltr'>P.</span> <span class='ocrx_word' id='word_1_280' title='bbox 292 2382 328 2421; x_wconf 89' lang='lat' dir='ltr'>Ill.</span> <span class='ocrx_word' id='word_1_281' title='bbox 350 2394 371 2434; x_wconf 89' lang='lat' dir='ltr'>p</span> <span class='ocrx_word' id='word_1_282' title='bbox 388 2390 422 2425; x_wconf 79' lang='lat'>29</span> <span class='ocrx_word' id='word_1_283' title='bbox 438 2393 486 2421; x_wconf 88' lang='lat' dir='ltr'>non</span> <span class='ocrx_word' id='word_1_284' title='bbox 502 2381 601 2432; x_wconf 84' lang='lat' dir='ltr'>dubitat,</span> <span class='ocrx_word' id='word_1_285' title='bbox 618 2376 758 2425; x_wconf 88' lang='lat' dir='ltr'>ceterisom·</span> 
     </span>
     <span class='ocr_line' id='line_1_40' title="bbox 55 2429 758 2500; baseline -0.007 -20"><span class='ocrx_word' id='word_1_286' title='bbox 55 2440 124 2481; x_wconf 88' lang='lat' dir='ltr'>nibus</span> <span class='ocrx_word' id='word_1_287' title='bbox 139 2437 270 2495; x_wconf 79' lang='lat' dir='ltr'>praeferre:</span> <span class='ocrx_word' id='word_1_288' title='bbox 283 2438 359 2478; x_wconf 90' lang='lat' dir='ltr'>nullus</span> <span class='ocrx_word' id='word_1_289' title='bbox 381 2452 408 2479; x_wconf 79' lang='lat' dir='ltr'>eu</span> <span class='ocrx_word' id='word_1_290' title='bbox 430 2437 530 2493; x_wconf 87' lang='lat' dir='ltr'>patribus</span> <span class='ocrx_word' id='word_1_291' title='bbox 550 2429 630 2478; x_wconf 78' lang='lat' dir='ltr'>melior</span> <span class='ocrx_word' id='word_1_292' title='bbox 648 2436 758 2500; x_wconf 77' lang='lat' dir='ltr'>interpres</span> 
     </span>
     <span class='ocr_line' id='line_1_41' title="bbox 56 2493 758 2561; baseline -0.007 -23"><span class='ocrx_word' id='word_1_293' title='bbox 56 2507 101 2545; x_wconf 84' lang='lat' dir='ltr'>est,</span> <span class='ocrx_word' id='word_1_294' title='bbox 128 2510 196 2553; x_wconf 80' lang='lat' dir='ltr'>quam</span> <span class='ocrx_word' id='word_1_295' title='bbox 222 2495 368 2561; x_wconf 83' lang='lat' dir='ltr'>Augustinus.</span> <span class='ocrx_word' id='word_1_296' title='bbox 404 2498 535 2546; x_wconf 81' lang='grc' dir='ltr'><strong><em>Μ55515155</em></strong></span> <span class='ocrx_word' id='word_1_297' title='bbox 534 2493 758 2537; x_wconf 84' lang='lat' dir='ltr'>commentariorum</span> 
     </span>
     <span class='ocr_line' id='line_1_42' title="bbox 55 2548 757 2619; baseline -0.009 -25"><span class='ocrx_word' id='word_1_298' title='bbox 55 2552 156 2619; x_wconf 82' lang='lat' dir='ltr'>optimus</span> <span class='ocrx_word' id='word_1_299' title='bbox 180 2563 213 2595; x_wconf 87' lang='lat' dir='ltr'>est</span> <span class='ocrx_word' id='word_1_300' title='bbox 233 2553 258 2593; x_wconf 91' lang='lat' dir='ltr'>in</span> <span class='ocrx_word' id='word_1_301' title='bbox 280 2552 396 2608; x_wconf 86' lang='lat' dir='ltr'>epistolam</span> <span class='ocrx_word' id='word_1_302' title='bbox 417 2553 444 2592; x_wconf 91' lang='lat' dir='ltr'>ad</span> <span class='ocrx_word' id='word_1_303' title='bbox 458 2554 557 2601; x_wconf 85' lang='lat' dir='ltr'>Galatas,</span> <span class='ocrx_word' id='word_1_304' title='bbox 579 2552 667 2608; x_wconf 86' lang='lat' dir='ltr'>parcior</span> <span class='ocrx_word' id='word_1_305' title='bbox 680 2548 757 2595; x_wconf 85' lang='lat' dir='ltr'>illem</span> 
     </span>
     <span class='ocr_line' id='line_1_43' title="bbox 56 2609 639 2670; baseline -0.002 -17"><span class='ocrx_word' id='word_1_306' title='bbox 56 2611 179 2669; x_wconf 74' lang='lat' dir='ltr'>allegoriis,</span> <span class='ocrx_word' id='word_1_307' title='bbox 193 2610 310 2670; x_wconf 84' lang='lat' dir='ltr'>magisque</span> <span class='ocrx_word' id='word_1_308' title='bbox 326 2612 404 2653; x_wconf 85' lang='lat' dir='ltr'>ceteris</span> <span class='ocrx_word' id='word_1_309' title='bbox 420 2621 528 2666; x_wconf 80' lang='lat' dir='ltr'>grammat</span> <span class='ocrx_word' id='word_1_310' title='bbox 521 2609 577 2653; x_wconf 61' lang='lat' dir='ltr'>ricus</span> <span class='ocrx_word' id='word_1_311' title='bbox 591 2612 639 2665; x_wconf 81' lang='lat' dir='ltr'>b).“</span> 
     </span>
    </p>
   </div>
   <div class='ocr_carea' id='block_1_5' title="bbox 39 2709 198 2724">
    <p class='ocr_par' dir='ltr' id='par_1_6' title="bbox 39 2709 198 2724">
     <span class='ocr_line' id='line_1_44' title="bbox 39 2709 198 2724; baseline 0.013 -2"><span class='ocrx_word' id='word_1_312' title='bbox 39 2709 198 2724; x_wconf 44' lang='lat' dir='ltr'>&#39;‘u—*m</span> 
     </span>
    </p>
   </div>
   <div class='ocr_carea' id='block_1_6' title="bbox 80 2783 759 2841">
    <p class='ocr_par' dir='ltr' id='par_1_7' title="bbox 80 2783 759 2841">
     <span class='ocr_line' id='line_1_45' title="bbox 80 2783 759 2841; baseline -0.003 -16"><span class='ocrx_word' id='word_1_313' title='bbox 80 2783 400 2840; x_wconf 61' lang='grc'><strong><em>15&gt;11151151115115550551551.</em></strong></span> <span class='ocrx_word' id='word_1_314' title='bbox 417 2784 474 2826; x_wconf 84' lang='lat' dir='ltr'>Part.</span> <span class='ocrx_word' id='word_1_315' title='bbox 488 2794 508 2829; x_wconf 85' lang='lat'>3.</span> <span class='ocrx_word' id='word_1_316' title='bbox 522 2785 544 2825; x_wconf 89' lang='lat' dir='ltr'>C.</span> <span class='ocrx_word' id='word_1_317' title='bbox 557 2793 576 2831; x_wconf 88' lang='lat'>9.</span> <span class='ocrx_word' id='word_1_318' title='bbox 590 2785 608 2837; x_wconf 51' lang='lat' dir='ltr'>d„</span> <span class='ocrx_word' id='word_1_319' title='bbox 623 2793 658 2831; x_wconf 75' lang='lat'>29.</span> <span class='ocrx_word' id='word_1_320' title='bbox 670 2798 692 2839; x_wconf 80' lang='lat' dir='ltr'>p.</span> <span class='ocrx_word' id='word_1_321' title='bbox 708 2787 759 2841; x_wconf 70' lang='grc'>2116,4</span> 
     </span>
    </p>
   </div>
   <div class='ocr_carea' id='block_1_7' title="bbox 0 0 848 3135">
    <p class='ocr_par' dir='ltr' id='par_1_8' title="bbox 0 0 848 3135">
     <span class='ocr_line' id='line_1_46' title="bbox 0 0 848 3135; baseline 0 2"><span class='ocrx_word' id='word_1_322' title='bbox 0 0 848 3135; x_wconf 95' lang='lat' dir='ltr'> </span> 
     </span>
    </p>
   </div>
  </div>
 </body>
</html>
