1686 3135
1 2751 16 2796 Ξ

330 148 432 194 -369
463 167 492 175 -

58 267 124 328 equis
146 273 273 316 contectae,
298 282 370 325 eoque
392 268 515 324 imperviae
540 276 563 308 et
583 268 708 312 inaccessae
719 274 755 327 g),·

59 341 133 385 neque
155 325 231 367 dubita
250 329 372 374 Hebraeos,
394 327 435 366 etsi
457 328 588 381 persiccum
609 330 754 382 ambularent,

59 399 134 430 tamen
151 384 178 424 ad
192 388 265 425 cutem
283 398 352 439 usque
368 383 493 436 maduisse,
514 394 535 425 et
555 383 617 424 hand
633 384 698 425 dubie
718 402 754 441 ge-

58 452 196 487 nuumtenus
211 456 277 498 saepe
291 442 316 481 in
333 439 396 496 aquis
414 441 508 482 vadasse.
553 443 620 482 Sume
638 441 679 480 tibi
697 443 753 483 Psal-

2 510 10 558 3'
57 516 121 545 mum
144 512 177 547 76.
196 509 218 539 et
237 499 290 540 vide
309 512 331 540 v.
354 507 388 542 18.
410 508 443 543 ill·
459 512 547 552 gravem
564 498 657 540 describi
672 508 752 553 tempe-

55 570 146 606 statem,
163 570 219 614 qnae
235 555 302 596 etiarn
318 555 386 597 Exod.
404 565 441 602 tt,
459 566 492 599 Qu.
509 554 643 598 insinuatur.
679 556 752 597 Simul

2 621 9 669 i
57 611 132 661 autem
149 615 204 655 adde
221 626 232 658 1
249 615 300 657 Cor.
317 625 357 660 10,
374 624 391 657 1,
410 624 429 657 2.
453 614 491 654 ubi
512 614 594 655 Paulus
615 613 657 669 ait,
680 623 752 669 patres

53 687 110 719 suos
126 670 242 713 occasione
266 670 372 712 transitus
392 670 416 711 in
431 675 509 723 Moyse
523 672 653 725 baptizatos
669 687 714 712 esre
728 674 752 712 in

1 732 9 786 j
56 732 112 777 nube
123 740 146 771 er
160 732 183 770 in
196 731 264 776 inuri,
281 728 304 769 id
321 738 365 779 est,
382 743 437 784 aqua
453 729 519 769 maris
535 740 556 770 et
571 728 646 784 pluvia
668 741 751 784 tempe-

55 789 119 835 statis
135 785 222 843 egregie
237 788 293 828 lotos
309 787 443 840 levatosque.
480 788 567 842 Quaere
588 802 614 828 er
634 786 750 842 Magistro,

56 849 75 891 si
91 845 115 886 in
130 859 205 885 muros
217 845 325 901 praealtos
340 843 454 885 concrevit
471 858 534 899 aqua,
551 845 663 899 quomodo
681 842 760 899 baptis

56 904 102 948 zati
127 902 197 943 sunt?
234 904 266 943 An
288 912 315 942 tu·
327 915 373 943 non
388 901 462 950 vides,
485 902 540 958 quid
553 901 612 942 inter
627 900 711 944 iahulas
728 910 750 942 et

55 962 172 1006 veritatem
188 959 291 1002 intersit?
539 958 541 962 ⁸

113 1017 200 1072 Inspice
216 1019 306 1060 demum
321 1013 444 1062 Cal-metum
459 1016 483 1057 in
500 1016 653 1058 dissertatione
670 1009 747 1059 Exodo

55 1075 163 1136 praefixa,
185 1085 206 1116 et
225 1073 311 1117 videbis
333 1073 479 1119 diversissima
499 1077 544 1125 iarn
563 1085 663 1115 veterum
679 1085 750 1116 tenta-

54 1135 124 1178 mina.
160 1132 203 1174 Alii
219 1131 326 1184 ,dicebant
346 1131 514 1174 semicirculum
535 1129 613 1172 fecisse
637 1128 748 1175 Hebraeos

54 1195 78 1235 in
94 1190 162 1239 mari,
179 1200 201 1231 et
215 1187 308 1231 rediisse
322 1191 350 1235 ad
364 1188 424 1237 litus,
439 1190 500 1230 unde
514 1188 607 1245 ingressi
622 1198 681 1229 sunt,
704 1190 764 1230 Atii>

55 1263 122 1306 anper
142 1249 265 1303 congelatas
285 1252 352 1303 aqua's
372 1260 409 1287 eos
426 1248 578 1295 deduxerunt3
594 1246 631 1286 alii
647 1260 705 1285 mare
722 1248 746 1288 in

53 1307 173 1362 coagulum
188 1311 375 1360 venundet-<per
388 1305 489 1345 medium
507 1305 594 1345 sulcant
614 1303 684 1352 viam;
707 1304 746 1344 alii

2 1381 9 1408 ’ἕ
53 1379 95 1422 pro
116 1376 210 1417 numero
230 1361 330 1402 tribuum
350 1361 466 1405 duodecim
482 1371 560 1416 parant
580 1361 673 1402 canales.
703 1362 747 1402 Sed

52 1421 94 1478 ¹qui
109 1419 140 1460 ita
155 1418 288 1466 deliraverit,
304 1429 330 1459 ut
345 1416 452 1474 Magister
467 1429 519 1459 tuus
534 1432 600 1473 supra
615 1423 630 1469 §ff
650 1427 698 1462 236.
707 1432 746 1458 ne·

8 1479 10 1503 ³
52 1479 138 1519 minem
154 1475 258 1529 comperi,
275 1477 329 1516 adeo
346 1484 423 1529 suapte
437 1474 531 1516 ridicula
546 1475 670 1531 etindigna
687 1486 746 1518 sunt.

8 1534 10 1548 ³
52 1537 114 1578 Haec
129 1543 191 1582 sunt,
207 1530 239 1572 mi
258 1536 348 1584 Comes,
363 1532 397 1572 tui
415 1532 515 1587 Magistri
536 1532 645 1588 prodigia,
660 1533 715 1574 haec
726 1533 746 1573 si

8 1603 11 1607 ’
52 1606 127 1647 neges,
142 1589 271 1631 incredulus
288 1589 341 1647 eris;
357 1589 443 1644 doctius
459 1600 571 1630 tentamen
586 1592 604 1630 si
620 1591 688 1637 ineas,
704 1592 746 1631 Na·

8 1644 11 1667 ⁷
53 1649 152 1693 turalista
170 1661 199 1699 ee,
214 1657 240 1688 ut
256 1648 376 1689 ildielzaeiis
391 1656 413 1688 et
425 1647 530 1688 Jalnrius!
562 1648 658 1701 Obsecro
673 1647 746 1688 hicce-

4 1704 6 1715 ⁵
53 1723 82 1752 ne
98 1709 165 1747 homo
181 1713 225 1752 est,
242 1705 281 1760 qui
297 1718 347 1744 suos
364 1705 441 1744 doceat
455 1705 611 1745 revelationem
622 1704 745 1751 defendere,

7 1766 12 1816 j:
53 1776 76 1809 et
90 1761 192 1826 prodigia
207 1762 317 1803 asserere?
334 1760 370 1801 cui
385 1760 441 1800 nihil
456 1761 583 1816 prodigium
600 1771 637 1808 est,
651 1759 695 1801 nisi
708 1776 746 1802 au-

53 1832 115 1864 ctum
130 1832 191 1875 ptrue
207 1818 292 1860 labellis
308 1817 346 1858 liat
360 1817 557 1873 ridiculumlqni
580 1833 619 1873 per
637 1817 745 1860 tredecim

50 1877 144 1936 vpaginas
161 1876 270 1931 disputat,
295 1875 350 1932 quin
366 1874 487 1931 quidquam
507 1874 531 1914 in
551 1873 646 1931 prodigii
664 1873 745 1915 confir=

52 1934 175 1977 mationem
191 1933 324 1987 protulerit?
360 1935 485 1987 Tamquam
505 1933 653 1974 usurariorum
676 1931 746 1987 magi·

64 2004 97 2033 ter
112 1990 147 2037 sit,
163 1991 193 2030 ita
209 2001 294 2045 preeter
309 2004 383 2031 muros
398 1989 456 2029 nihil
474 1997 577 2030 somniat.
608 1989 642 2031 Mi
657 1990 745 2046 Comes,

71 2060 78 2089 t
93 2062 172 2090 cancer
186 2048 276 2103 lepor-es⁴
287 2061 332 2087 non
348 2046 414 2101 capit,
430 2045 462 2087 sic
477 2061 518 2088 vos
535 2047 616 2088 talibus
629 2046 745 2102 praesidiis

66 2117 128 2150 ontra
143 2105 269 2146 incredulos
284 2115 371 2146 urentes
387 2103 466 2153 hodie,
488 2103 647 2146 revelationem
665 2103 745 2158 prosti-

63 2162 115 2204 uitis
131 2161 213 2218 magis,
230 2177 297 2218 quana
312 2161 438 2202 defenditis.
470 2164 506 2202 Tu
526 2176 576 2218 ergo
593 2176 619 2201 ex
640 2159 746 2202 omnibus

1 2229 13 2276 ij
52 2220 222 2275 hypothesibus,
244 2232 390 2275 quaecunque
411 2218 520 2267 arriserit,
541 2219 625 2274 delige,
647 2228 686 2258 aut
705 2230 745 2257 no-

4 2280 14 2332 t}
52 2291 101 2318 vam
117 2276 178 2318 adler
193 2275 331 2324 firmiorem,
348 2286 370 2316 et
386 2275 426 2316 tibi
443 2276 521 2332 gratias
537 2287 602 2331 agent
623 2274 745 2318 Neuterici.

5 2347 14 2386 5]
53 2333 113 2376 Certi
136 2334 197 2375 enim
217 2333 242 2375 in
263 2333 298 2374 his
318 2332 376 2374 nihil
392 2344 433 2382 est,
450 2347 491 2374 nec
506 2335 548 2375 erit
562 2331 746 2390 unquamsquia

53 2391 188 2433 succinctior
202 2401 235 2432 est
251 2390 307 2434 tanti
322 2391 374 2432 facti
388 2391 502 2439 narratio,
526 2405 593 2447 qnam
613 2402 639 2433 ut
658 2391 746 2432 sinodum

53 2451 164 2490 transitus
184 2463 223 2505 per
248 2463 325 2490 omnes
344 2447 522 2490 circumstantias
542 2446 572 2489 ita
594 2448 698 2497 definias,
721 2457 747 2488 nt

8 2507 15 2556 l,
52 2505 111 2547 nihil
130 2516 198 2547 restet
217 2521 333 2562 quaerere:
370 2508 443 2546 Deum
463 2506 635 2548 extraordinaria
654 2504 747 2556 ratione,

53 2564 166 2619 modoque
179 2564 306 2620 prodigioso
323 2562 482 2613 intervenisse,
498 2578 539 2604 nec
554 2564 683 2612 Michaelis,
704 2576 747 2603 nec

1 2617 15 2638 '⁵‘
59 2621 148 2662 tianius
163 2621 265 2676 negavit;
290 2620 329 2677 qui
348 2630 424 2661 autern
444 2634 483 2674 per
506 2620 581 2662 omnia
601 2622 685 2679 lactum
701 2621 749 2662 sit?

4 2719 15 2736 ις4η
55 2723 193 2733 -....-.-.

81 2792 106 2845 a)
120 2793 171 2835 Gen.
185 2803 210 2840 r,
227 2802 246 2838 o.
257 2803 291 2836 ro·
323 2801 343 2845 s,
361 2800 394 2837 13·
412 2799 446 2836 14.
459 2802 499 2834 erc.

589 2850 625 2891 Aa
