1686 3135
377 181 537 246 -1535

105 315 156 344 eene
172 312 252 343 omnes
268 314 343 342 rerum
358 298 425 354 periti
446 300 585 348 docuerunt,
605 306 627 341 et
647 297 757 342 catholico
779 300 808 343 att

104 360 211 401 vitandos
228 359 366 413 perniciosos
382 371 468 398 errores
484 355 587 400 sufficere
598 370 666 399 nemo
689 373 735 401 non
751 358 808 401 arbi-

104 427 175 459 tratus
191 429 232 462 est.
263 415 345 461 Confer
359 419 377 468 §.
391 425 512 462 85—101.

409 524 428 571 §·
460 526 508 569 tu.

162 602 210 640 lam
231 613 305 649 nunc,
325 599 358 639 rui
381 604 475 648 Comes,
504 596 616 640 altercatio
638 597 740 655 Magistri
760 612 808 640 non

104 658 153 701 sine
167 655 269 720 periculo
285 667 323 705 est,
340 658 379 713 qui
397 672 448 697 cum
467 660 596 700 Stesiclzoro
612 657 688 698 oculos
703 656 748 698 illie
766 657 808 698 eri-

104 715 165 770 piat,
192 713 232 767 qui
254 727 299 754 nou
320 708 441 757 vultant'
434 731 458 757 111
480 717 568 757 decreto
589 724 612 755 et
633 713 690 755 fidei
710 712 806 754 formula

104 772 201 814 euntem
224 785 270 813 esse
292 787 396 823 sensnm,
417 772 476 827 ipsas
499 771 586 813 scilicet
604 772 709 813 ecclesiae
729 780 751 811 et
769 785 807 826 pa·

103 839 165 870 trum
181 828 377 882 interpretationes
395 845 440 871 esse
459 829 599 878 retinendas,
624 828 730 885 quoniam
746 840 807 869 utro.

106 886 173 942 bique
195 885 224 926 eit
245 885 357 936 additum,
379 888 407 927 ad
426 886 544 928 ecclesiam
564 886 675 941 pertinere
697 888 723 928 de
738 901 806 928 sensu

102 944 264 997 scripturarum
285 944 393 995 judicare.
432 944 499 1000 Quod
519 945 547 984 tis
566 945 646 993 eriam,
671 947 710 1000 qui
728 945 807 999 talpae

102 1007 180 1043 ocutus
190 1002 286 1048 lrabeat,
303 1002 387 1043 clarum
400 1011 467 1058 atque
478 1003 568 1043 evidens
578 1010 612 1042 est
622 1004 670 1053 a).“

162 1059 304 1108 Nemetum,
331 1061 363 1100 mi
386 1063 475 1107 Comes,
504 1060 637 1119 Cajetanum
662 1058 805 1101 Cardinalem

101 1119 189 1170 talpam
218 1116 285 1160 luisse
308 1120 428 1169 hactenus,
449 1119 476 1159 de
497 1132 542 1174 quo
564 1121 644 1160 Sixtus
671 1120 757 1160 senens.
779 1117 805 1158 in

101 1175 244 1219 Bibliotheca
260 1190 278 1217 s.
293 1176 394 1231 scripsit:
411 1176 498 1234 „filim
508 1179 592 1230 ingenii
602 1179 746 1230 praestantia
757 1176 805 1216 illu-

100 1244 181 1281 seren,
196 1233 363 1275 subtilissimam
380 1236 536 1282 dialecticum,
557 1233 710 1284 admirabilem
733 1235 805 1287 11111111-

99 1294 205 1345 sophum,
236 1296 274 1348 qui
283 1294 393 1332 inumeras
404 1292 569 1333 lucubrationes
582 1296 605 1333 iu
613 1293 744 1334 Aristotelis
755 1294 805 1345 pti·

99 1351 226 1404 larapaiam
246 1350 370 1405 vulgaverit
385 1351 461 1402 h):a
451 1360 517 1404 atque
539 1352 594 1391 haec
620 1349 696 1391 omnia
724 1351 804 1391 Ilaaz'o

99 1410 169 1464 Aqaa'l
169 1423 214 1450 ano
228 1418 290 1458 teste,
306 1411 354 1458 ejus
371 1406 474 1449 fatuitati
492 1418 513 1448 et
525 1407 656 1472 biographo,
686 1409 715 1447 Et
729 1417 805 1448 tamen

101 1466 191 1508 hic‘xir
206 1477 251 1506 tam
267 1479 348 1506 coecus
365 1465 422 1514 fuit,
438 1476 465 1505 ut
484 1465 576 1505 cumin
598 1464 644 1505 suis
667 1475 805 1506 commenta-

100 1523 141 1564 riis
156 1538 168 1563 a
184 1521 286 1578 patribus
302 1523 435 1563 abstinuerit
450 1524 552 1577 penitus,
573 1537 639 1563 usum
661 1522 750 1562 secutus
773 1523 804 1564 lo-

101 1580 198 1636 quendi,
216 1594 280 1620 suam
296 1580 445 1621 nihilominus
465 1579 674 1634 interpretationem
696 1578 803 1620 ecclesiae

94 1636 220 1689 subjecerit
236 1652 354 1689 censurae,
370 1639 397 1679 ad
412 1651 479 1694 quam
494 1651 520 1677 en
534 1642 580 1688 ejus
608 1636 716 1690 opinione
736 1635 811 1692 perti-'

99 1705 165 1735 neret
185 1696 213 1735 de
236 1694 397 1749 scripturarum
418 1708 484 1737 aenou
507 1695 607 1745 J'udicare
627 1694 687 1747 (Vid.
707 1698 725 1746 ᾗ,
747 1696 802 1747 aa).

98 1752 189 1793 Oblitus
212 1752 280 1792 etiam
300 1767 346 1794 esse
367 1752 456 1794 videtur
475 1751 582 1808 Magister
603 1761 655 1792 tuus
678 1750 803 1793 concilium

97 1809 202 1850 habiturn
218 1809 286 1852 luisse
308 1820 384 1854 contra
406 1819 566 1866 protestantes,
587 1823 633 1850 non
653 1822 705 1850 vero
725 1819 803 1850 contra

97 1866 239 1915 Catholicae,
259 1877 282 1907 et
303 1867 480 1909 circumstantias
507 1868 640 1922 postulasse,
666 1876 692 1906 ut
715 1881 801 1916 norma,

98 1936 145 1964 non
160 1938 253 1973 manca,
268 1939 314 1966 non
330 1924 474 1971 insufficiens,
490 1923 524 1964 uti
539 1938 578 1965 vos
595 1924 663 1966 vultis
678 1925 707 1977 (t
724 1933 800 1969 tot-

97 1984 143 2035 '7.,)
168 1983 207 2023 sed
226 1983 293 2037 plena
315 1993 336 2024 et
352 1982 452 2024 absoluta
474 1983 671 2046 praescriberetur,
695 1996 752 2039 quae
774 1997 803 2024 ex

65 2080 67 2083 ,
97 2040 171 2080 abusu
187 2039 349 2106 scripturarum
365 2048 481 2081 manantes
496 2053 634 2095 pernrcrosos
643 2054 725 2083 errores
740 2054 802 2096 prae

97 2107 197 2148 caveret3
215 2097 286 2153 qualis
302 2097 370 2139 unice
386 2109 430 2145 est,
447 2097 466 2138 si
482 2108 502 2137 et
519 2098 634 2139 decretum
650 2109 672 2139 et
680 2096 739 2138 'fidei
758 2098 802 2139 lor·

96 2155 158 2196 mula
180 2168 248 2211 sensu
267 2155 366 2197 sumitur
389 2157 564 2198 Neutericorum.
600 2155 685 2197 Confer
700 2159 718 2207 §.
735 2163 801 2201 35-

97 2221 133 2259 95.
150 2222 173 2255 et
188 2224 324 2275 rot—107.

368 2328 371 2336 '
397 2319 416 2367 §.
447 2322 497 2360 115.
545 2346 548 2352 1

154 2393 261 2452 Denique
275 2409 355 2451 agmen
369 2396 455 2438 claudit
479 2394 587 2452 Magister
607 2395 649 2437 hac
668 2395 801 2437 hermeneu-

100 2452 146 2494 tica
161 2454 252 2508 regula:
283 2454 397 2504 „Ohsucra
413 2469 424 2494 e
440 2452 505 2495 claris
521 2453 651 2495 illustranda
666 2463 734 2508 sunt,v
747 2467 800 2495 cum

96 2508 167 2565 igitur
180 2510 234 2552 fidei
251 2510 347 2553 formula
370 2513 452 2553 uzellam
470 2512 553 2552 lrabeat
568 2513 731 2567 azzaestionem,
749 2526 800 2568 quo·

97 2569 159 2611 modo
177 2570 325 2624 intelligenda
343 2573 386 2619 sit,
411 2568 526 2627 sequitur,
547 2570 663 2612 decretum
691 2582 741 2614 sess.
766 2571 801 2612 IV,

99 2691 241 2706 ''m——

125 2777 151 2826 α)
166 2776 227 2819 Instt.
245 2779 270 2819 V.
286 2782 311 2821 Τ.
330 2782 392 2823 Tom.
410 2787 430 2825 3.
443 2781 460 2830 §.
474 2788 508 2823 17.
525 2787 617 2836 pag128.
649 2778 673 2828 b)
688 2779 749 2822 Lite
761 2780 799 2821 IV.

154 2849 204 2891 pag.
216 2844 266 2883 tes.
