1686 3135
394 178 553 228 *350*-

139 328 144 341 2
178 298 231 343 Non
252 310 298 343 tam
317 300 383 342 hebes
405 310 451 350 est,
472 299 504 341 mi
520 301 614 352 Comes,
635 302 742 360 Magister
755 306 823 359 ftutta'

120 370 146 402 ut
166 373 213 406 non
235 359 328 409 viderit,
352 375 364 401 a
386 369 463 399 mente
486 360 565 402 Jatntt
587 360 717 417 longissime
739 366 820 411 abesse,

120 419 189 460 citato
210 420 260 461 loco
277 419 304 459 de
319 416 461 474 dogmatibus
477 430 488 457 e
507 417 554 458 vita
575 418 691 460 communi
710 423 820 478 explicam

120 478 154 518 dis
179 476 298 517 instituere
313 489 451 525 sermonem
473 474 525 530 (nisi
540 475 596 516 forte
611 476 659 532 ipse
674 479 779 533 Magister
793 481 818 521 in

119 532 224 591 compitis
240 529 342 591 dogmata
362 532 460 589 colligit,
482 542 505 573 et
524 535 711 576 resurrectionem
731 537 819 592 aliaque

118 592 228 650 positiva,
244 596 307 648 {quae
329 605 369 645 per
391 604 481 631 sensnm
504 592 619 645 vulgarem
646 592 817 648 impugnantur,

117 651 283 707 galtilosopln'cas
301 650 410 690 veritates
426 651 501 703 putat)
515 646 572 689 vidit
587 660 610 690 et
624 653 701 693 ratast
718 662 741 691 et
762 654 816 707 Hol-

117 711 169 750 desti
185 708 244 755 dicta
257 708 283 747 ad
299 720 333 747 res
349 706 461 746 naturales
477 706 568 754 referri,
585 709 611 749 de
628 709 708 764 quibus
723 708 748 749 in
764 709 816 750 stria

116 764 189 822 pturis
204 777 276 806 sermo
292 774 335 817 est,
355 775 377 805 et
401 777 457 821 quae
477 763 531 806 olim
553 766 639 821 magnis
658 764 736 807 litibus
755 782 816 822 prae-

115 825 213 867 buerunt
228 836 318 873 ansam;
335 821 370 863 uti
392 836 438 862 non
460 821 547 878 pridem
568 824 642 865 adhuc
662 824 689 864 de
709 824 816 880 Coperrri·

115 880 166 924 cani
186 880 310 935 systematis
331 880 425 920 veritate
443 882 528 921 Rornae
548 881 646 935 quaes¹io
667 880 723 931 fuit3
743 880 816 923 maior

116 940 171 981 olim
187 940 214 979 de
230 937 385 993 antipodibus‚
402 951 430 977 an
446 938 525 978 eodem
541 938 624 978 Adamo
640 947 713 993 patre,
735 940 813 980 eodem

115 997 206 1042 Christo
222 997 331 1037 salvatore
347 994 478 1050 gaudeant?
495 1004 517 1035 et
533 1005 604 1036 cetera
620 997 645 1036 id
660 1010 737 1052 genus.
772 998 814 1038 Sed

114 1055 167 1112 quia
183 1054 254 1096 fixum
270 1063 303 1094 est
318 1053 439 1109 Magistro,
456 1066 506 1108 erga
522 1066 611 1101 omnes,
633 1052 764 1110 qumfarna
787 1057 814 1095 ab

114 1112 242 1154 eruditione
262 1110 353 1163 extulit,
371 1110 428 1153 feros
450 1109 539 1152 Saturni
560 1125 610 1167 erga
632 1127 694 1153 suam
714 1113 814 1154 sobolem

112 1169 199 1211 imitari
215 1182 295 1215 mores,
312 1182 338 1210 eo
354 1169 446 1222 tactum,
462 1178 488 1209 ut
503 1168 561 1208 sicut
576 1169 642 1225 paulo
659 1181 710 1210 ante
725 1172 813 1212 arricta-

112 1230 153 1269 elis
167 1238 258 1284 propter
278 1227 332 1269 duas
353 1240 432 1269 voces:
454 1227 567 1267 naturalis
583 1229 728 1281 simplicitas,
744 1230 813 1269 Natu·-
830 1226 832 1229 ’

59 1293 61 1295 ’
112 1286 162 1328 lista
180 1285 251 1328 iactus
268 1294 313 1326 est:
330 1283 361 1325 ita
376 1285 557 1335 nuncJatntas,
579 1295 671 1340 propter
684 1287 735 1326 vita
753 1300 812 1327 eorn-

111 1344 194 1392 mnnis,
211 1358 223 1385 e
240 1356 283 1398 qua
298 1342 435 1397 promendae
451 1352 523 1384 essent
538 1354 620 1383 vocum
636 1343 752 1392 notiones,
774 1359 811 1399 pad

111 1417 162 1444 rum
178 1400 264 1449 attuit,
281 1399 338 1456 quin
354 1398 490 1441 Naturalista
505 1400 602 1441 deterior
617 1399 680 1442 lieret
695 1402 785 1444 Atheus.

412 1494 431 1542 t.
462 1500 511 1536 aar.

168 1570 213 1613 aed
230 1573 274 1621 iam
289 1567 377 1625 gravius
395 1568 480 1626 aliquid
496 1570 602 1618 narrabo,
618 1568 650 1611 mi
671 1575 760 1624 Comes,
776 1572 810 1614 ‘ad
837 1593 839 1596 ·

109 1640 173 1671 tuam
201 1627 341 1683 aliorumque
363 1628 464 1671 salutem.
503 1627 594 1668 Dicitur
618 1640 636 1672 1.
653 1631 707 1685 Reg.
730 1639 754 1675 5,
776 1640 808 1674 a:

109 1695 257 1742 „aggravata
273 1695 306 1725 est
317 1700 396 1727 ntanns
409 1687 506 1727 Domini
515 1700 582 1738 snper
596 1687 686 1728 Aeetias
699 1695 721 1726 et
738 1688 809 1730 dento-

109 1747 164 1786 litns
179 1754 213 1786 est
232 1759 282 1785 eos:
303 1753 325 1784 et
342 1746 454 1798 percussit
471 1746 494 1785 in
511 1746 626 1785 secretiori
637 1755 703 1799 purte
721 1749 808 1788 trutt'nm

107 1805 203 1847 Azotum
221 1802 309 1862 etfines
325 1805 378 1847 etus.
408 1805 443 1845 Er
457 1802 588 1850 ebullierunt
602 1804 670 1844 vittae
685 1813 708 1844 et
718 1807 769 1857 agri
784 1808 807 1847 in

108 1863 179 1903 medio
195 1861 302 1915 regionis,
319 1870 340 1901 et
357 1862 408 1902 stati
425 1871 478 1902 satsat
492 1876 576 1908 rnzsres,
593 1870 615 1901 et
629 1858 698 1920 facta
710 1873 743 1902 est
758 1878 817 1914 con-¹

99 1918 169 1981 fusio
189 1921 267 1960 mortis
288 1935 382 1973 magnae
405 1921 428 1960 t'n
449 1921 568 1963 civitate.“
608 1920 725 1974 Quaenam
752 1933 816 1964 esset>

106 1981 162 2019 haee
176 1979 247 2034 plaga,
264 1975 391 2032 quaesitum
400 1987 439 2022 est.
469 1976 540 2018 Variis
551 1974 612 2016 staria
624 1978 733 2031 placuere.
749 1980 805 2020 Hae-

105 2034 273 2076 morrhoidibus
288 2036 370 2082 obstat,
391 2036 452 2090 quod
466 2033 640 2076 Philistaeorum
659 2037 703 2076 hoc
721 2036 814 2085 malum!

105 2092 261 2149 contagiosum
274 2089 377 2133 videatur
384 2108 391 2143 ;
407 2092 548 2135 mortiferum
563 2105 616 2133 curn
635 2102 707 2149 strage
728 2092 805 2135 civita-

105 2161 168 2201 tum;
193 2151 254 2206 quod
280 2149 371 2191 demum
392 2164 467 2193 mures
489 2163 555 2191 causa
574 2149 704 2200 rideantur,
726 2160 748 2191 et
762 2151 805 2204 thie

105 2205 287 2254 commemorati³
301 2216 326 2257 ,et
341 2204 519 2264 anathematibus
535 2207 606 2247 aureis
622 2205 718 2264 expressi
729 2219 740 2252 1
750 2209 815 2265 Regi.

105 2277 126 2317 (3,
142 2278 176 2310 11.
193 2275 227 2311 rs.
257 2268 319 2306 Haec
334 2264 429 2307 removit
443 2266 623 2309 Liclttenstent'ns
639 2266 703 2306 docta
720 2264 804 2322 disqui-

103 2323 185 2365 sitione
200 2324 329 2370 ostendens,
350 2337 428 2364 vocem
444 2323 513 2365 fontis
533 2323 636 2377 usurpari
659 2323 686 2363 de
707 2325 803 2378 salpugas

95 2379 185 2441 fatali,
200 2380 274 2436 specie
290 2394 427 2430 aranearum,
446 2395 513 2438 quarn
529 2379 562 2422 sic
578 2380 682 2421 describit
696 2383 816 2426 salanias:

102 2438 186 2490 „Diese
201 2438 262 2478 noch
277 2451 301 2477 so
317 2438 396 2493 trenig
410 2442 521 2481 bekannte
540 2439 639 2492 Solpugn
650 2440 688 2479 hat
702 2449 714 2484 6
728 2441 802 2490 Friese,

101 2496 225 2552 „niemlich
240 2494 320 2550 lange,
337 2495 404 2546 steit'e
424 2498 473 2538 und
491 2494 566 2537 dichte
586 2498 656 2537 Haare
676 2511 721 2538 von
742 2498 802 2553 gelb-

101 2555 188 2607 „licher
202 2553 284 2600 Farbe,
305 2552 352 2597 wie
372 2552 407 2593 die
426 2553 509 2596 Wiesel
530 2555 577 2593 und
600 2554 752 2609 Spitnmttuse,
773 2554 801 2596 ist

101 2614 174 2664 „anch
195 2625 220 2653 so
241 2623 315 2666 gross,
335 2609 366 2651 als
387 2611 437 2652 eine
453 2610 591 2668 Spitamene,
612 2611 658 2652 und
673 2613 800 2667 uberhaupt

101 2671 156 2719 „der
171 2669 303 2725 Spitamaus
313 2681 336 2710 so
353 2669 455 2721 ahnlich,
470 2670 517 2710 dass
534 2668 566 2709 sie
581 2668 650 2710 leicht
666 2668 707 2708 mit
730 2667 800 2711 dieser
830 2703 831 2708 ,

101 2727 265 2779 ‚struentem
281 2726 374 2768 werden
390 2729 488 2775 hortare,
508 2726 555 2767 und
572 2726 606 2768 olt
624 2726 730 2768 withlieh
752 2741 800 2767 rer·

101 2785 226 2832 „wechselt
240 2783 336 2827 worden
350 2783 411 2825 ist‘·¹
430 2784 543 2827 Archaeol.
558 2798 625 2838 germ*
641 2785 664 2825 P.
683 2796 701 2828 t.
719 2786 765 2826 Vol.
779 2795 800 2828 2.

99 2857 147 2899 pag.
165 2852 214 2888 353.
243 2842 292 2883 Hoc
307 2855 358 2898 ergo
374 2840 500 2891 intectum,
523 2842 576 2882 dtnn
591 2841 730 2897 scorpiones,
751 2841 799 2899 qui-
