1686 3135
379 164 538 220 4178-

84 293 85 296 ¹
111 312 178 352 supra
194 301 252 349 §.53
269 308 291 339 et
308 307 340 343 5t.
370 296 464 353 Lepide!
495 294 596 344 ,Plurimi
618 295 809 338 tamen'firtctirer

112 355 154 395 iata
170 356 266 397 credunt
280 354 406 402 mendacia,
430 354 488 394 nihit
505 353 572 394 etiam
586 355 722 408 suspicantes
740 355 807 406 inali3

111 427 183 468 eoque
205 413 275 467 magis
298 414 445 453 necessarium
466 422 510 460 est,
531 410 582 451 tatia
603 410 670 453 etiarn
693 410 808 454 literarum

111 483 178 512 causa
192 469 313 511 lectoribus
328 470 356 511 ob
371 471 447 512 ocutos
462 468 594 526 expandere.

408 578 427 624 ᾗ.
458 583 507 618 130.

166 649 242 705 Pergit
258 650 389 692 Commilito
405 662 468 700 tuus,
488 652 554 693 etiam
573 652 599 693 in
620 651 735 705 subsequis
757 651 806 693 sine

107 712 156 764 lege
176 708 262 763 vagari,
284 718 305 749 et
325 719 433 764 perpetuo
456 709 513 749 vitio
535 709 621 750 elenchi
643 722 733 764 arguere
756 709 805 752 ait.

106 772 173 815 triton,
194 779 236 806 nec
254 767 418 807 verecundatur
438 782 463 808 ex
477 768 602 821 Hierouptao
620 781 804 819 contaminarem,

106 824 225 872 eeclesiam
252 822 298 864 non
324 823 422 864 hominis
451 825 590 879 evangelium
619 824 740 878 accepisse,
766 827 805 866 sed

106 882 150 925 Dei
165 885 196 935 a).
225 881 309 920 Eadem
325 879 410 920 fallacia
425 879 450 920 in
466 895 509 921 usu
524 883 662 928 Pellaeiciui,
678 882 741 922 cutus
757 897 804 923 out-

105 939 146 982 nia
162 937 280 994 diligenter
294 941 410 992 praeterit,
427 937 540 993 quaesibi
564 939 652 978 adversa
671 948 736 988 sunt,
757 954 805 995 rap-

104 997 149 1047 tim
165 1008 255 1050 carpens
271 996 338 1049 longe
359 994 431 1034 aliena
451 1009 462 1035 a
484 1005 542 1037 statu
564 995 707 1052 quaestionis.
744 998 804 1052 Quia

104 1065 180 1096 tamen
196 1056 240 1105 jam
256 1051 322 1106 lippis
339 1061 360 1092 et
376 1051 501 1094 tonsoribus
517 1063 596 1094 notum
614 1063 656 1099 est,
675 1053 724 1096 C'oui
739 1068 803 1094 aceu-

104 1112 202 1153 sationes
219 1115 237 1160 §.
254 1119 303 1154 125.
319 1108 416 1163 repulsas
436 1124 481 1150 esse
503 1113 658 1154 aPattuet-tno
678 1122 700 1151 et
721 1111 803 1165 Cariete-

103 1184 153 1213 rruur
168 1177 275 1209 assertum
286 1168 317 1219 h),
334 1166 389 1221 quid
407 1177 456 1207 tuus
473 1168 605 1209 Conrmilito
621 1167 724 1209 initium
743 1182 802 1209 com·

103 1235 195 1269 mentua
210 1224 250 1275 sit,
268 1224 328 1267 audi,
358 1222 455 1272 „Posito
471 1224 558 1280 inquit,
575 1224 738 1267 Paliaviciuunr
754 1226 802 1267 eius

101 1282 185 1331 mentis
201 1280 278 1325 fuisse,
294 1282 325 1322 fas
339 1294 385 1321 esse
402 1282 532 1337 depromere
546 1296 637 1323 sensum
649 1297 660 1322 a
673 1293 800 1324 sanctorum

102 1352 192 1399 patrum
212 1338 351 1393 expositione
368 1338 494 1389 diversum
508 1337 583 1393 ipsum
601 1339 680 1381 falsum
690 1354 743 1387 esse,
760 1354 800 1382 cur

101 1412 149 1441 non
166 1395 264 1438 ausimus
278 1394 385 1453 profiteri.
402 1396 466 1437 euius
482 1409 498 1437 s.
514 1396 528 1438 l.
545 1398 663 1439 auctoritas
679 1396 800 1454 suscipien·

100 1456 131 1496 da
144 1465 176 1499 est
189 1456 214 1493 in
228 1452 268 1504 iis,
292 1468 348 1509 quae
363 1453 387 1491 in
404 1453 500 1495 concilio
516 1464 576 1508 gesta
591 1464 657 1502 sunt;
678 1454 702 1494 in
719 1454 799 1496 doctri.

101 1512 139 1555 atis
152 1525 198 1553 non
214 1510 264 1566 plus
278 1512 337 1551 vaiet
353 1524 421 1566 quam
433 1509 462 1550 sit
485 1512 599 1552 rationum
619 1508 698 1566 quibus
717 1511 798 1552 nititur

100 1578 249 1610 momentum.
291 1567 354 1609 Fidei
384 1568 489 1609 ecclesiae
516 1582 558 1608 uec
587 1568 655 1608 unius
677 1568 797 1610 alteriusue

99 1625 171 1668 sancti
187 1624 256 1679 patris
273 1624 381 1667 sententia
397 1624 548 1678 praejudicat,
564 1624 727 1666 multominus
745 1628 797 1668 alte·

99 1683 146 1726 aius
164 1681 285 1724 doctoris.“
315 1684 368 1738 Leg.
385 1682 448 1726 Cath.
464 1689 482 1735 ς.
497 1686 532 1725 rt.
548 1697 596 1740 pag.
614 1694 647 1727 12.

158 1738 220 1781 Nihil
236 1739 321 1786 dicam,
338 1740 369 1781 mi
386 1744 480 1790 Comes,
497 1741 523 1781 de
539 1741 614 1781 critica
630 1738 796 1783 Commilitonis

98 1799 147 1850 tui,
159 1798 199 1853 qui
214 1797 239 1838 iu
252 1801 321 1854 gestis
336 1797 409 1838 solum
424 1797 512 1853 reponit
526 1797 643 1839 historiam
660 1808 682 1837 et
702 1797 796 1839 referen-

37 1874 49 1890 ι’
97 1858 128 1899 tis
146 1865 314 1906 auctoritatem,
335 1869 388 1896 eum
409 1866 483 1896 tamen
505 1866 591 1896 remota
614 1870 679 1911 saepe
700 1855 794 1907 occasio,

55 1949 57 1953 .
97 1912 213 1971 agentium
229 1911 285 1953 fines
302 1922 368 1967 atque
384 1911 469 1960 studia,
486 1922 512 1953 ut
527 1922 652 1968 gestorum,
668 1917 700 1955 sie
720 1912 794 1956 anima

97 1983 188 2028 quoque
203 1968 249 2009 sint
264 1968 381 2011 historiae:
398 1968 422 2009 id
438 1972 541 2016 adverto,
562 1984 613 2011 eum
629 1986 670 2012 nec
690 1968 795 2025 Magister

95 2041 149 2071 tuus
164 2031 194 2079 (§.
210 2036 245 2072 tt.
260 2027 317 2083 To),
338 2040 381 2067 nee
396 2026 460 2077 alter,
481 2029 541 2083 quod
562 2028 642 2080 sciam,
663 2031 704 2070 hae
725 2029 750 2068 in
769 2044 794 2071 re

94 2088 183 2130 elevare
199 2095 292 2126 conatus
307 2083 336 2125 sit
354 2086 481 2128 Pallanum
501 2083 581 2133 fidem,
602 2086 727 2126 verendum
747 2100 793 2128 esse

95 2160 124 2187 ne
138 2142 196 2184 nihil
212 2143 294 2196 sapiat,
311 2139 391 2197 quiin
407 2157 430 2184 re
446 2154 490 2184 tarn
506 2146 583 2194 suapte
599 2152 672 2197 aperta
690 2142 792 2184 adversus

95 2214 173 2244 omnes
186 2198 269 2254 sapiat;
285 2200 378 2256 ipsaque
401 2201 455 2242 haee
475 2198 572 2241 solitudo
593 2198 728 2247 sententiae,
745 2198 792 2241 non

93 2256 177 2301 mentis
201 2256 324 2309 judicium,
350 2258 389 2298 sed
409 2256 567 2314 desperationis
592 2267 667 2311 partus
697 2257 733 2297 sit.
767 2258 792 2299 Si

93 2325 206 2374 praeterea
222 2312 406 2356 Commilitonem
423 2315 509 2360 audias,
525 2322 614 2368 patrum
629 2314 790 2369 interpretatio·

93 2374 161 2416 nibus
178 2385 230 2412 cum
246 2371 332 2413 honore
346 2371 461 2426 sepositis,
484 2370 544 2424 quod
565 2371 696 2425 Hieronymi
720 2387 791 2414 exem-

92 2432 131 2488 plo
146 2426 200 2471 fecit
219 2428 336 2482 Capturas,
352 2429 476 2483 praeferens
492 2441 580 2470 sensum
596 2444 642 2471 nou
656 2433 789 2479 territat-itura,

92 2489 132 2529 sed
148 2488 264 2537 diuersum,
280 2499 346 2542 quern
363 2486 436 2541 poscit
451 2498 502 2528 usus
517 2486 624 2541 loquendi
639 2488 706 2545 ‚prola
719 2489 788 2530 dolor!
820 2491 821 2494 ’

92 2547 122 2588 ad
136 2545 269 2589 invehendum
291 2545 466 2589 Ratiotrubisrrrrtrta
486 2547 566 2599 araugis,
588 2561 649 2603 qaum
671 2547 701 2589 ati
718 2561 789 2589 arreu-

92 2605 186 2656 dumc)‘·
203 2602 322 2645 adlabores.
358 2602 498 2658 Amplector:
518 2602 555 2645 sed
572 2618 665 2660 quaero,
687 2619 715 2648 an
735 2618 787 2645 eum

89 2706 228 2718 -------·

120 2764 145 2814 a)
157 2764 211 2819 Lag.
226 2761 310 2804 Cathoi.
322 2764 339 2816 §.
355 2772 390 2808 10.
399 2779 448 2820 pag.
463 2773 496 2807 to.
532 2762 555 2817 i)
567 2765 624 2807 Hist.
644 2766 707 2807 Corae.
725 2767 786 2808 Liba.

146 2820 180 2862 Vt.
193 2836 238 2876 cap.
251 2822 358 2875 XV111.§.
373 2832 391 2865 2.
422 2825 443 2875 e)
454 2823 508 2879 Leg.
522 2822 583 2864 cath.
595 2825 613 2876 ᾗ,
627 2832 662 2869 16.
673 2841 694 2881 p.
708 2831 742 2869 18.
