1686 3135
381 147 410 163 ε-
439 97 542 180 ael*-

109 252 182 313 dinit,
204 254 370 308 Hieronymum
392 252 440 310 ipsa
461 255 577 298 sustulisse
592 258 708 316 dogmata,
731 260 810 318 quiin

109 315 157 357 Vet.
173 315 235 355 Test.
258 312 426 354 Tiberiadenses
442 311 555 363 Rabbinos
571 319 687 374 magistros
707 311 811 362 habuerit

110 371 136 412 in
152 372 251 414 eruendo
267 385 309 411 usu
320 369 428 425 loquendi
445 372 556 413 hebraeo?
592 376 615 415 Si
631 391 683 431 ergo
700 378 746 419 eius
760 371 809 419 ver·

108 428 199 471 sionem
215 438 274 485 grata
292 426 391 482 suscepit
406 428 503 471 ecclesia.
520 433 634 483 quomodo
649 448 702 475 usus
716 425 809 491 loquen-

110 487 134 528 di
151 487 246 528 infestus
260 487 290 530 sir
305 484 465 541 dogmatibus?
494 486 531 528 Vel
549 487 605 530 forte
621 490 688 531 hodie
704 496 746 543 Jam
763 507 809 534 me·

108 545 180 587 ritum
199 559 252 586 usus
271 542 379 598 loquendi
399 542 484 592 amisit,
506 544 569 587 cuiue
596 561 637 602 ope
652 562 676 589 ea
693 547 739 604 ipsa
756 553 808 590 nata

108 601 183 643 versio
199 602 253 642 est?
283 601 327 651 Sed
340 600 391 641 voci
408 611 452 656 tam
467 601 548 657 puerili
564 605 701 658 superfluum
718 616 750 647 est
765 607 808 647 im·

106 657 203 702 morari:
218 667 244 698 tu
259 656 324 704 vide,
339 656 371 696 mi
387 655 481 708 Comes,
497 673 554 715 quae
570 674 636 717 supra
655 662 681 704 de
696 662 745 720 ipso
766 657 808 707 usit

107 717 210 774 loquendi
225 714 284 757 dieta
299 724 359 757 sunt.
448 761 449 764 Ἴ
636 758 638 761 f

165 772 233 816 Addit
248 774 373 828 exemptae
389 775 468 825 Manu
486 783 521 823 26,
537 785 571 821 63.
587 776 627 818 ubi
637 770 738 820 summus
751 776 806 836 pon-

106 833 162 875 tifex
178 831 221 873 ait:
237 833 318 889 adjuro
336 841 359 871 te
371 848 412 883 per
422 835 496 874 Deum
511 835 598 882 vinnm,
616 831 719 888 nuditas
735 838 805 887 itatis.

105 894 127 933 si
144 900 170 932 tu
192 905 214 929 es
233 891 350 936 Christus,
359 890 427 949 filins>
441 893 502 932 Dei:
520 901 542 931 et
557 906 569 932 e
585 894 638 947 Cap.
656 904 694 946 tt,
715 896 806 948 33.‚uhi

104 946 212 1003 discipuli
228 958 278 1003 post
292 946 535 1011 panieumterrorem
552 948 667 1000 Christum
682 954 807 1004 ‚adoraue-

102 1016 158 1049 runt
171 1007 282 1059 dicentes:
298 1019 348 1045 vere
356 1005 419 1063 filins
431 1009 478 1048 Dei
489 1022 517 1049 es.
548 1006 715 1061 Committtoni,
730 1021 755 1051 ut
770 1006 806 1059 'vi-

79 1105 80 1108 ,
105 1066 143 1107 des
159 1062 294 1120 inutraque
309 1063 419 1105 sententia
435 1064 468 1106 vis
483 1063 554 1120 posita
571 1065 644 1106 estin
660 1068 732 1109 verbis
742 1069 807 1127 filius

103 1125 160 1166 ,Dat
199 1122 354 1163 Oindoctum
381 1121 548 1177 dogmaticum,
565 1121 603 1180 qui
621 1138 646 1164 ex
661 1124 695 1166 his
711 1125 804 1169 vocibus

102 1189 193 1222 tantum
209 1179 331 1234 suspendat
347 1178 490 1232 mysterium!
521 1182 595 1226 Tales,
612 1181 644 1221 mi
660 1185 752 1237 Comes,
768 1187 805 1227 ha-

103 1240 156 1281 bere
180 1235 315 1278 adversarios
337 1237 379 1278 sibi
400 1238 481 1277 honori
503 1239 589 1278 ducunt
604 1241 729 1291 Neutericr'3
751 1243 805 1298 quia

102 1293 214 1339 similium
228 1292 359 1348 vociferatio
375 1294 524 1335 certissimum
542 1295 697 1338 testimonium
711 1310 750 1346 est,
767 1301 804 1346 de-

101 1351 289 1395 monstrationem
308 1352 438 1407 dogmatum
454 1352 561 1394 severiori
569 1366 752 1408 argumentorum
763 1358 804 1405 deff

101 1412 163 1452 lectu
179 1410 301 1465 percultam
318 1423 364 1450 esse
379 1418 445 1465 atque
460 1419 596 1465 provectam.
626 1413 696 1453 Pudet
705 1427 749 1462 me,
763 1415 803 1471 qui

103 1465 291 1511 Commilitonem
317 1465 418 1523 ablegare
437 1468 530 1507 debeam
551 1468 578 1507 ad
605 1467 752 1524 Magistrum,
775 1481 803 1512 ut

103 1526 174 1567 discat
187 1525 282 1566 saniora.
313 1525 350 1563 Tu
365 1524 439 1564 autem
455 1523 532 1565 confer
546 1539 611 1580 supra
628 1531 645 1578 §.
666 1537 815 1574 192—195‚·

102 1581 204 1625 Unicum
225 1582 304 1623 addam
331 1582 503 1628 Theodoretam,
522 1580 561 1636 qui
583 1585 693 1636 ltlajorum
709 1599 802 1627 suorum

102 1640 214 1694 sapienter
228 1639 335 1679 meditata
351 1638 376 1678 in
391 1637 552 1695 compendium
566 1639 679 1695 redigens,
704 1641 759 1697 quid
774 1644 802 1685 de

94 1698 149 1759 filio
159 1699 208 1738 Dei
219 1696 319 1744 sentiret,
335 1696 393 1737 clare
408 1696 477 1736 edixit
492 1695 517 1735 in
528 1698 688 1739 commentario
705 1699 732 1739 ad
744 1699 800 1747 Psal.

101 1767 129 1805 2,
151 1765 173 1801 7.
194 1756 262 1795 Filius
278 1768 338 1794 meus
354 1770 377 1794 es
394 1762 427 1796 tu.
470 1755 634 1805 Hanevocem,
658 1757 744 1811 inquit,
765 1774 801 1798 ne·

100 1829 136 1856 mo
153 1816 190 1868 qui
211 1814 305 1868 spiritus
317 1827 335 1854 s.
353 1812 471 1852 doctrinae
483 1812 573 1863 credat,
594 1814 715 1855 divinitati
731 1815 801 1856 domi·

100 1875 125 1914 ni
142 1873 228 1913 Christi
244 1869 370 1924 applicabit
386 1879 426 1911 etc.
439 1870 470 1925 b).
500 1871 529 1910 Et
544 1869 610 1911 alibi:
634 1882 701 1922 „anm
716 1887 800 1914 crucem

100 1931 188 1987 quidem
198 1939 221 1971 et
232 1930 359 1983 passionem
370 1928 472 1969 dominus
486 1929 595 1977 caristus,
612 1944 655 1969 non
666 1931 735 1971 solum
748 1932 801 1973 aliis

99 1990 208 2036 ludaeis,
227 1988 267 2028 sed
285 1989 342 2040 ipsis
357 1988 424 2026 etiam
437 1986 551 2040 apostolis
566 1987 609 2027 non
623 1988 743 2029 videbatur
754 2005 800 2030 esse

98 2049 220 2099 Deztsc).“
257 2047 337 2086 Causas
359 2044 419 2084 docti
438 2042 493 2097 viri,
513 2043 552 2098 qui
573 2057 616 2099 qua
644 2047 710 2098 Syrus
731 2047 799 2088 etiam

98 2119 165 2146 usum
180 2100 290 2158 loquendi
305 2101 400 2148 tenebat,
417 2099 450 2141 ibi
465 2101 571 2156 requiras.
602 2099 625 2142 Si
635 2103 678 2143 hoc
692 2102 798 2158 antiquus

97 2160 222 2203 catholicus
238 2158 367 2215 episcopus,
388 2159 443 2213 quid
465 2158 531 2200 faciet
552 2170 670 2200 emunctae
685 2160 743 2201 naris
766 2175 798 2201 ra-

98 2217 230 2260 tionalista‘?
260 2212 387 2272 Diligenter
402 2229 453 2271 ergo
474 2213 662 2258 considerandum
678 2227 722 2264 est,
743 2231 798 2273 quo,-

97 2276 134 2317 vis
150 2276 210 2327 loeo,
228 2275 341 2330 quomodo
358 2283 459 2313 sumatur
474 2273 592 2315 sententia.
622 2273 675 2315 Dixi
687 2277 739 2326 jam,
754 2290 799 2315 ma-

96 2335 146 2374 lum
167 2333 306 2388 apologetam
332 2330 407 2372 minus
427 2331 499 2372 solum
520 2344 601 2372 nocere
627 2333 691 2374 hoste
713 2343 797 2388 aperto,

97 2392 136 2433 sed
151 2403 231 2431 nocere
239 2399 329 2432 tamen.

48 2447 50 2450 ’
155 2447 217 2489 Adde
238 2444 450 2488 inconsiderantiam
471 2443 653 2494 Commilitonis,
675 2443 823 2503 qui,a1·g11·³'

96 2516 200 2548 utentum
214 2506 327 2561 requirat,
343 2501 382 2544 ubi
397 2505 545 2553 nullumest3
562 2502 586 2543 id
603 2503 714 2560 negligat,
736 2504 797 2559 quod

96 2566 181 2618 jacebat
208 2577 247 2618 pro
269 2562 371 2619 pedibus.
406 2563 487 2604 Matth.
508 2571 546 2615 26,
568 2571 603 2606 63.
624 2562 678 2602 dum
710 2561 797 2620 quaerit

96 2665 236 2679 ...ι-..-

125 2736 145 2788 h)
157 2739 218 2777 Tom.
231 2746 250 2779 1.
262 2752 283 2791 pt
296 2743 344 2779 (321,
362 2734 403 2776 Ed.
414 2734 463 2775 Hal.
494 2735 516 2783 c)
528 2734 551 2773 in
566 2733 683 2775 comment.
695 2733 720 2774 acl
733 2735 794 2774 Rom.

155 2805 181 2842 13,
204 2795 388 2849 4.'l'om.3.p‚ssg·
402 2801 436 2837 15.
