1686 3135
315 160 344 170 ”⁴
372 143 422 188 217,
447 159 476 170 ···

41 271 75 314 lus
89 263 144 314 Dei,
159 261 324 320 hominumque
338 265 368 306 ita
384 263 458 307 noscit
472 261 576 319 ingenia,
589 273 615 303 ut
630 278 675 306 non
691 278 737 306 ma·

41 328 74 384 gis
91 337 164 365 suum.
196 321 249 362 Vide
264 323 342 370 modo.
366 334 391 364 ut
407 322 445 363 ille
466 320 572 378 providus
595 319 678 362 foribus
699 328 736 378 ap-

41 380 119 441 pendit
133 381 245 422 tabulam:
276 384 324 430 „lle
338 383 487 436 inspiratione
501 380 556 434 qnid
567 383 651 432 recepit
666 382 688 420 in
703 396 735 419 ee·

42 443 108 483 clena
119 440 230 479 catholico
238 447 248 484 ,’
259 440 313 493 qnid
325 441 377 479 item
385 440 502 481 'Potre.t?“
533 438 589 492 Quis
608 435 660 476 talia
675 451 736 492 prae·

42 498 129 545 retiret,
145 494 199 552 quin
216 497 271 536 hene
287 508 389 551 precetur
405 507 449 536 tam
465 496 514 552 pio,
531 505 575 535 tam
593 495 658 535 docto
669 494 737 549 scrip-

41 555 102 600 tori?
146 555 188 596 Sed
214 553 244 600 si,
267 553 414 605 mi,..(jomes,
440 553 463 594 in
483 562 529 594 toto
548 553 591 593 huc
610 552 645 592 IV.
664 552 737 606 capite

43 617 68 656 de
86 613 246 668 inspiratione.
262 621 284 651 et
298 605 440 666 proximosl'.
460 614 487 652 de
502 613 580 665 (livino
599 613 738 651 anctoritate

43 672 114 713 ullum
130 669 242 709 inveneris
258 670 345 709 Patrem
362 678 475 725 tamquam
490 680 569 709 testem
585 667 696 724 promissi,
713 678 738 710 tu

42 726 98 770 mihi
114 722 237 767 auriculam
257 726 282 766 in
309 737 438 781 perpetuam
454 726 583 767 servitutem
598 726 676 765 subula
693 725 739 766 suf.

40 787 96 842 *ligas
121 782 236 839 postibus,
257 795 282 823 ut
300 783 386 839 ignavis
407 783 462 825 olim
483 782 551 829 servis
568 781 670 834 dominus
685 783 739 825 iecit

42 843 161 884 Hebraeus.
198 845 232 881 An
252 840 303 882 satis
327 840 444 896 pignoris?
475 841 575 883 arabitur
590 850 670 889 tannen.
700 844 739 883 So·

43 902 89 941 lum
110 901 262 954 Hieronymum
285 899 363 943 demo,
384 913 427 938 nec
446 899 508 938 huuc
528 909 642 953 tamquam
659 909 738 940 testem

43 957 176 1007 adductum,
193 957 232 1000 sed,
246 969 285 1012 per
301 955 439 1001 occasionem
455 954 523 997 unice
539 957 566 996 ad
578 957 738 998 removendam

44 1012 193 1065 objectionem
205 1019 233 1066 c)
709 1057 716 1064 Ι,

98 1074 149 1114 Hoc
163 1070 201 1113 ille
217 1071 282 1118 fuco,
298 1072 340 1111 hac
355 1070 428 1126 specie
443 1070 546 1111 incautos
561 1069 643 1116 illudit,
659 1081 681 1111 ot
693 1069 738 1118 ,tihi

42 1130 95 1171 adeo
112 1128 173 1185 quod
189 1128 272 1175 miror,
289 1128 321 1168 mi
346 1129 440 1174 Comes,
458 1128 496 1182 qui
513 1127 580 1168 relato
597 1129 660 1168 Pauli
676 1140 739 1171 textu

42 1186 170 1241 subjungis:
200 1187 300 1236 „Frustra
316 1186 371 1226 haec
389 1187 453 1225 rerba
470 1187 585 1226 obscurare
599 1186 740 1226 contendunt

42 1246 188 1299 (Neutericffl
204 1242 294 1284 namin
310 1243 401 1291 eeclesia
419 1241 526 1282 catholica
543 1256 630 1298 semper
650 1246 684 1284 ito
705 1243 740 1283 in·

42 1304 129 1344 tellecta
144 1311 177 1342 est
192 1298 320 1352 inspiratio,
342 1308 364 1339 et
380 1299 439 1340 idern
463 1303 537 1341 Patres
559 1313 636 1341 omnes
658 1304 739 1342 docue·

41 1361 153 1415 1·untd).·“
184 1357 279 1411 Lepide,
295 1358 326 1396 mi
349 1359 432 1405 Comes,
449 1369 474 1397 ut
488 1371 526 1411 per
542 1367 685 1399 transennam
692 1371 739 1397 mo-

42 1432 115 1465 neam,
131 1414 221 1457 errasti:
237 1413 318 1454 nullibi
334 1414 395 1455 enim
412 1414 487 1455 dixisti
503 1413 558 1470 quid
572 1415 688 1469 inspiratio
702 1415 739 1466 sit,

43 1485 64 1516 et
80 1485 153 1515 tamen
169 1485 276 1528 provocas
292 1472 319 1511 ad
335 1472 451 1513 ecclesiam
467 1471 488 1512 et
503 1474 578 1513 Patres
594 1472 626 1513 ita
642 1472 740 1514 sentien·

42 1532 86 1573 tes!
118 1533 173 1576 Sed,
189 1528 221 1569 mi
246 1531 338 1578 Comes,
356 1528 395 1584 qui
413 1543 453 1569 nos
468 1530 493 1570 in
509 1530 614 1571 Portibus
630 1540 675 1571 tam
691 1541 741 1569 tur-

42 1590 100 1646 piter
116 1586 290 1642 decepit,=idem
306 1587 352 1642 pari
370 1588 437 1626 modo
453 1587 505 1628 facit
519 1587 543 1627 in
559 1589 667 1630 Ecclesia.
681 1588 741 1629 ‘'Cre-

44 1648 104 1689 neres
119 1662 130 1688 a
146 1643 248 1686 Patribus
269 1641 406 1699 apostolicisv
417 1659 487 1699 usque
508 1645 536 1685 ad
555 1644 689 1689 Neutericos
707 1659 741 1686 re-

44 1705 152 1747 censenda
172 1715 219 1743 esse
246 1711 364 1753 systemata
395 1700 594 1758 de'inspiratione
620 1702 739 1759 promissa:

43 1776 96 1803 cum
118 1758 183 1802 ecce!
204 1760 230 1799 ab
249 1758 406 1801 reformatione
430 1759 524 1814 incipit,
543 1759 597 1802 inde
618 1763 646 1802 ad
666 1761 741 1802 Leva-

43 1819 130 1861 nienses
151 1819 227 1874 (supra
252 1821 268 1867 §.
290 1823 348 1864 139.)
368 1818 394 1858 ad
417 1817 533 1865 Gratiam,
555 1818 668 1860 Clericum
685 1819 740 1860 etl.

43 1880 69 1919 D.
87 1875 228 1919 Miehaelem.
257 1875 302 1917 En!
318 1874 359 1916 ribi
375 1876 499 1916 exsolutum
515 1874 651 1930 promissum
672 1890 740 1931 „qtae-

43 1936 106 1977 anodo
117 1937 140 1975 in
152 1934 243 1973 ecclesio
262 1934 374 1975 catholieo
391 1948 475 1987 semper
494 1934 607 1976 intellecta
625 1936 657 1975 sit
674 1936 742 1974 inter·

44 1991 170 2047 pretatiol“
200 1991 243 2031 Sed
257 1990 313 2031 illud
328 1991 455 2043 jucundum
469 2002 514 2042 est;
531 2006 560 2032 ne
584 1990 684 2046 periculo
705 2005 743 2031 va-

45 2065 92 2091 care
110 2050 166 2091 forte
186 2045 317 2088 viderentur
342 2046 514 2088 Lenonis-:osium
539 2048 672 2091 jesuitarum
692 2061 740 2089 sen·

46 2108 128 2156 tentiae
147 2109 176 2160 (§·
195 2111 267 2158 ten),
289 2104 369 2145 maluit
384 2104 562 2146 arreticulositatis
582 2101 741 2161 arguere'Six-

45 2174 93 2206 tum
113 2167 137 2207 V.
158 2166 178 2205 S.
193 2163 217 2203 P.
251 2165 302 2211 „Ne
317 2177 384 2211 vero,
402 2164 487 2218 irtqttt't,
508 2165 579 2205 maius
592 2164 683 2218 aliquod
691 2160 741 2221 for-

45 2232 105 2264 tasse
117 2221 239 2264 incendium
252 2224 358 2268 oriretur,
379 2223 458 2262 Sixtns
474 2222 501 2263 V.
515 2225 545 2264 R.
561 2225 588 2264 P.
604 2236 694 2263 ceresam
710 2221 742 2262 od

45 2297 66 2320 se
84 2280 212 2328 reuocauit,
234 2282 257 2320 in
275 2290 375 2321 nentrum
389 2294 442 2320 vero
452 2275 539 2333 portem
551 2275 669 2337 qttidqnum
686 2280 743 2319 deei-

46 2340 104 2378 dit.“
139 2339 191 2379 Non
214 2336 306 2389 videns,
328 2347 366 2378 aut
388 2347 451 2378 caute
469 2337 623 2386 dissimulans,
638 2339 680 2379 hac
695 2337 743 2392 ipsa

46 2393 191 2438 conniventia
210 2394 324 2450 pontificis
346 2396 378 2436 ita
400 2405 491 2436 auctum
513 2394 580 2437 fuisse
601 2394 741 2446 incendium,

46 2465 71 2493 ut
87 2456 153 2509 paulo
169 2461 219 2506 post
235 2462 307 2493 totum
324 2454 401 2495 orbem
413 2452 506 2493 'flamma
523 2450 656 2509 corripuerit
671 2466 743 2507 usque

46 2513 68 2551 in
90 2524 201 2567 praesens.
236 2510 317 2563 llllajori
341 2524 402 2552 nunc
427 2510 477 2565 jure
501 2525 580 2567 argues
611 2508 744 2565 Magistrum

10 2577 11 2580 ’
45 2578 170 2610 contemtus
185 2574 236 2625 erga
257 2567 401 2623 pontificem,
417 2582 484 2624 quam
498 2582 565 2625 supra
585 2573 603 2621 §.
622 2577 670 2613 tta.
690 2570 744 2609 Jon-

52 2672 191 2683 ——-—--—-

75 2743 97 2797 e)
111 2741 162 2783 ilairl.
175 2756 222 2799 pag.
235 2749 268 2788 fil.
299 2742 323 2799 ri)
334 2741 383 2802 Pop.
398 2753 447 2789 103,
479 2743 567 2795 ultan.
577 2743 602 2788 li.
617 2743 743 2786 [l'cstfl'eut.

107 2809 128 2844 2.
143 2815 190 2856 pop.
204 2808 237 2843 5¹1,
