1686 3135
355 172 384 185 m·-
419 154 512 198 92,-

87 288 88 293 ’
144 276 191 315 Iam
205 273 273 317 liceat
287 288 314 323 ex
328 284 350 316 te
366 285 484 331 quaerere,
507 283 565 309 anne
579 269 604 310 in
624 266 736 325 apicibus,
755 265 780 306 in

86 329 171 382 literis,
192 347 221 374 an
241 335 265 374 in
289 346 344 373 sono
359 333 425 372 lateat
439 327 534 369 haeresis
550 338 589 367 aut
610 328 705 372 crimen,
725 323 780 362 dum
841 335 842 338 ¹

85 392 202 432 tveorerz'ct
211 392 304 434 docent:
320 393 342 435 in
356 390 472 431 Hermann
491 387 521 426 ad
542 387 701 426 arrerarnarem
715 382 780 421 ecclc-

86 450 134 489 siae
145 452 265 500 provocari
276 464 319 490 non
330 446 412 497 posta?
443 447 485 486 Dic
498 445 575 486 amabo
590 453 625 493 te,
641 443 733 503 ubinam
741 450 780 503 'ec-

87 508 153 550 clesia
170 521 237 562 snper
258 507 293 547 his
319 508 410 560 objectis
434 512 586 545 institutiones
606 499 698 564 tradidit
717 497 779 542 olim,

86 576 127 606 aut
143 564 210 606 tradit
225 565 249 605 in
265 563 406 619 praesentia?
437 567 518 605 Annon
535 559 607 610 vides,
624 569 647 596 1n
661 557 710 597 loco
727 566 780 610 pau-

85 624 108 664 lo
124 633 175 664 ante
190 624 267 668 allato.
283 623 307 663 in
323 621 425 663 hebraica
441 624 543 664 veritate2
565 616 589 656 in
606 629 648 670 qua
664 624 689 653 tu
709 613 781 666 eccle-

85 681 142 722 siam
158 679 275 721 constituis
290 681 418 736 magistram
436 681 468 730 e),
488 679 514 717 ab
532 675 668 727 Hieronymo
678 670 780 735 *judaeos

86 736 170 792 opponi
185 737 302 787 ecclesiae,
319 736 358 794 qui
374 737 455 782 sciant,
479 734 539 789 quod
563 734 608 787 ipsa
624 728 710 793 nescit?
745 729 779 767 dn

87 795 169 836 Oblisslss
186 808 224 842 es,
241 795 322 849 ipsumr
337 797 392 837 adeo
413 793 524 842 codicem,
547 791 607 831 unde
626 800 699 851 versio
720 797 780 825 nova

85 853 203 907 profluxit,
219 853 307 895 recutiti
324 854 467 894 simulatione
480 846 606 904 pervenisse
622 848 649 886 ad
671 846 780 894 Hierony·

85 910 198 960 mun1?§.
215 919 248 953 56.
278 910 349 953 lldiror
364 911 518 951 vehementer,
535 905 565 944 mi
588 906 678 950 Cernes,
699 903 780 964 Roma·

84 981 127 1006 nns
143 966 182 1020 qui
197 965 238 1014 sis,
255 976 276 1007 te
292 982 381 1023 operam
398 966 460 1015 dare,
476 973 501 1003 ut
522 976 533 1001 e
553 960 780 1023 divinaeauctortta·

83 1024 238 1074 incrimine,
263 1026 291 1067 ad
312 1027 409 1066 humana
424 1019 546 1077 praesidia,
567 1019 594 1059 ad
615 1019 736 1080 Crumerum
752 1014 780 1055 ad

85 1080 259 1123 Grammaticam
275 1093 297 1124 et
311 1081 508 1124 Hermeneuticam
530 1077 639 1133 deprimas
655 1073 782 1126 ecelesiam,

84 1138 209 1196 litibusque
224 1139 327 1184 involvas
342 1138 495 1185 interminatis.

145 1255 188 1295 Sed
203 1265 235 1306 te,
253 1256 285 1295 mi
308 1253 414 1303 Comes,¹
425 1256 449 1295 in
469 1256 572 1295 ruborem
590 1252 643 1292 dant
657 1258 781 1306 protestan-

85 1326 118 1356 tes
133 1313 202 1354 trium
216 1327 284 1368 prope
298 1314 426 1355 seculorum
437 1326 481 1353 usu
494 1321 515 1352 et
525 1306 669 1366 experientia,
685 1307 724 1362 qui
736 1308 781 1347 boc

85 1371 162 1415 litium
177 1369 256 1412 iontite
275 1370 385 1426 sapienter
404 1374 501 1423 abjecto,
524 1367 565 1408 etsi
581 1377 658 1407 contra
673 1364 779 1428 reforma.

84 1429 155 1471 tionis
180 1427 288 1484 originem
314 1438 380 1483 atque
401 1439 515 1476 naturam,
535 1422 633 1464 inductis
654 1421 781 1475 symbolicis

84 1487 159 1530 libris.
176 1499 223 1526 non
238 1485 392 1541 grammatica,
407 1499 449 1526 nec
463 1482 555 1540 repetita
570 1480 694 1522 identidem
714 1480 780 1543 docta

84 1542 199 1599 indagine,
216 1544 254 1583 sed
269 1543 361 1584 immota
376 1542 506 1584 auctoritate
522 1540 565 1581 niti
577 1549 643 1595 atque
659 1545 779 1578 consistere

84 1603 209 1643 voluerunt
224 1600 291 1640 fidem
308 1614 383 1640 suam:
399 1609 424 1640 ut
439 1599 535 1646 nemini,
557 1597 575 1637 si
596 1597 631 1637 vel
652 1593 779 1637 doctissime
796 1635 798 1641 A

84 1660 111 1701 id
128 1656 202 1705 lieret,
225 1659 295 1698 latum
310 1672 408 1713 unguem
424 1659 450 1697 ab
466 1671 490 1697 ea
508 1664 590 1697 norma
605 1655 706 1695 recedere
727 1650 780 1691 lice-

85 1726 120 1758 ret
135 1715 236 1769 impune.
270 1719 343 1770 Atque
362 1717 406 1756 hoc
423 1715 516 1758 unicum
537 1713 582 1754 fuir
600 1711 712 1763 medium,
728 1719 778 1764 ¹quo

84 1775 161 1815 unitas
178 1771 202 1813 in
219 1773 319 1814 doctrina
334 1782 419 1814 retenta
435 1783 474 1815 est.
510 1776 553 1816 Vos
575 1783 661 1818 autem,
680 1770 712 1811 mi
733 1770 780 1810 (30-

83 1845 146 1877 mes,
167 1830 290 1880 (consentit
310 1830 371 1870 enim
392 1840 414 1871 et
434 1829 547 1888 Magister
562 1840 583 1869 et
598 1828 729 1872 Commilito
743 1837 778 1868 tu-

83 1888 121 1943 us)
137 1887 240 1929 fomitem
257 1887 323 1927 illnm
338 1888 458 1942 prudenter
473 1892 602 1943 projectum,
618 1887 685 1928 hodie
700 1888 779 1929 sedulo

84 1943 199 2000 colligitis,
216 1955 242 1985 ut
257 1943 486 1995 inieratisecclesiae3
497 1944 580 2001 pioque
596 1945 670 1987 studio
686 1945 740 2001 (nisi
756 1954 779 1985 et

84 2001 142 2043 istoc
157 2001 306 2043 aemulatione
320 2004 408 2057 Jolniii)
424 2014 547 2045 matronam
567 2002 698 2046 intemerato
719 2013 779 2044 octo·

84 2058 159 2101 decim
179 2060 305 2100 seculorum
324 2060 377 2101 ilore
397 2058 546 2109 renidentem,
565 2062 630 2102 vultu
654 2061 778 2117 habituque

84 2116 199 2163 decoram.
228 2130 307 2159 ornare
332 2117 426 2173 parutis‚'
451 2117 578 2174 panniculis
603 2115 718 2160 obsoletis!
754 2115 779 2158 Si

84 2172 140 2232 qnid
155 2174 234 2222 video,
249 2175 279 2215 mi
301 2177 388 2225 Comes,
403 2174 463 2216 inter
475 2189 514 2214 vos
530 2186 552 2216 et
566 2178 698 2216 neotericos
711 2174 735 2215 id
745 2175 778 2214 in-

84 2242 165 2281 terest,
186 2233 247 2288 quod
271 2233 410 2287 quaestiones
433 2231 521 2273 scholae
535 2233 649 2288 soliusque
671 2231 780 2273 eruditio·

83 2289 133 2339 nis,
150 2304 180 2330 ne
194 2289 317 2334 intellectas
333 2290 424 2344 quidem
444 2288 488 2329 fide
508 2290 600 2332 credatis
620 2304 693 2341 coeca,
714 2290 778 2332 velut

83 2344 180 2390 totidem
196 2347 309 2402 dogmata:
325 2349 439 2387 Neoterici
459 2359 471 2384 e
492 2357 568 2389 contra
587 2351 641 2389 haec
662 2352 780 2405 tamquam¹

85 2405 158 2448 aliena
174 2402 248 2452 aliae,
265 2404 340 2446 animo
359 2402 466 2460 indagent
478 2404 554 2452 libero,
569 2416 681 2458 exornent,
697 2403 778 2447 confir-

84 2459 159 2511 ment,
173 2461 244 2517 inque
259 2460 311 2505 fidei
327 2461 446 2506 adhibeant
460 2461 594 2518 praesidium
609 2475 685 2506 contra
701 2463 778 2504 adver·

85 2520 166 2570 sarioe;
187 2522 248 2575 quod
262 2533 315 2572 vos,
336 2518 375 2576 qui
392 2518 548 2575 sola'tibique
562 2520 662 2562 nitimini
684 2521 778 2564 ecelesia

85 2574 210 2628 infallibili,
227 2577 275 2622 aine
290 2587 398 2637 perpetua
413 2577 522 2634 petitione
531 2580 638 2637 principii
650 2579 720 2625 facere
729 2592 776 2624 no‘n

85 2635 185 2694 potestis.
199 2636 258 2682 conl·
274 2641 293 2699 ᾗ,
308 2645 345 2696 18,
360 2645 395 2699 243
409 2645 444 2692 2&

86 2739 224 2754 *Q*-

117 2805 139 2855 ι)
150 2801 202 2845 atta.
