1686 3135
372 196 401 205 ···
429 180 472 225 302
500 177 537 207 -’

106 299 209 344 culorum
225 313 287 343 mma
301 298 393 341 multa
385 300 537 349 intercidunt,
551 300 610 343 alia
599 316 676 358 penes
690 309 809 345 summam

108 359 188 400 etiam
182 356 259 401 fidem
275 369 296 399 et
312 358 450 423 diligentiam
466 369 560 423 possunt
574 361 657 402 mutari
670 374 742 417 atque
752 376 801 403 eor

106 416 194 471 rumpi:
211 415 253 458 alia
268 414 341 457 omnia
356 419 380 456 in
396 411 658 471 scriptismonumentis.
693 419 735 460 Si
739 418 799 462 enim

107 488 142 515 ros
158 485 231 529 gestae
246 488 258 514 a
271 474 357 516 coaevis
372 473 519 515 referuntur
513 490 536 515 m
556 476 674 531 scriptum,
693 476 718 517 id
737 476 800 518 nullo

107 532 184 574 labore
204 531 310 584 custodiri
331 532 462 573 intemerate
478 542 550 586 potest
572 536 705 588 persecuta.
736 536 800 590 Quae

101 599 162 644 ergo
178 589 327 645 ‘incogitantia
348 600 392 635 est,
412 588 627 641 fitleretraditioni,
648 591 747 633 diffidere
764 605 801 632 aua

109 657 155 687 tem
176 647 243 701 inque
265 645 413 700 suspicionem
430 660 507 688 vocare
528 660 685 698 monumenta,
706 663 718 690 a
735 663 801 691 ¹coste·

109 705 143 744 tio
159 717 245 746 summa
262 703 305 743 fide
321 704 458 765 perscripta?
679 733 680 736 =

166 760 231 803 Scire
241 775 330 818 quoque
346 758 427 806 velim,
443 762 556 803 undenam
575 765 631 804 matt
632 766 700 808 haeus
716 773 737 805 et
757 766 801 804 Lu

108 832 144 861 css
156 833 205 876 sam
220 833 310 860 suarum
326 818 507 874 geneatonaram
515 832 598 874 partem
606 833 731 873 sumserint
744 835 802 886 quae

108 891 156 918 non
172 872 242 918 exstat
257 877 280 916 in
297 876 359 916 libris
375 875 489 931 antiqu-is?
519 881 537 917 E
552 880 685 921 revelatione
700 879 768 926 dices,
776 876 802 919 si

108 937 135 977 ab
152 935 287 975 omnibus
273 934 332 974 voles
348 932 548 975 haesitaremus
563 949 613 989 ergo
629 936 682 977 inde
697 946 801 999 sumtum,

107 994 169 1033 unde
183 995 209 1033 ab
225 1002 289 1032 atavo
305 1006 367 1032 suam
383 1000 456 1031 narrat
470 992 587 1046 Iosephus,
613 992 673 1033 Vitae
693 998 710 1045 ς,
727 1005 747 1037 1.
768 992 802 1034 sit:

108 1050 219 1092 scribens:
249 1054 337 1105 „Atque
348 1052 384 1089 itu
399 1051 484 1103 quidem
495 1053 582 1105 generis
599 1053 672 1091 riustri
681 1052 801 1092 saracenis-

107 1123 167 1155 nem,
183 1115 251 1162 prout
269 1110 291 1149 in
305 1107 395 1149 taenea
407 1106 470 1172 ιιιιῖιῖ
461 1122 509 1148 acas
524 1125 546 1149 re
548 1110 617 1149 latam
630 1109 709 1156 inveni,
726 1113 746 1150 iu
757 1123 801 1149 nze·

107 1168 172 1208 dium
189 1165 301 1231 afferab)
284 1168 318 1220 )“
352 1169 382 1208 Lt
397 1179 416 1205 st
432 1164 487 1219 quid
506 1167 615 1214 vides,t
594 1176 660 1209 etam
675 1165 802 1207 alludi

107 1224 179 1275 beris,
196 1238 234 1279 qut
249 1222 401 1280 genealogiam
416 1222 521 1264 Christi
514 1239 538 1265 ιιι
554 1224 638 1264 tabulas
654 1222 753 1280 publicas
768 1236 801 1263 re-

107 1280 174 1330 tulit,
189 1280 258 1322 fuisse
272 1281 421 1322 incredulum.
449 1282 484 1321 De
498 1280 585 1324 coaevis
601 1281 752 1322 monumentis
766 1279 801 1321 de·

108 1340 178 1396 nique
198 1339 225 1380 in
243 1342 308 1381 Josua
328 1336 446 1389 adhibitis,
468 1337 488 1379 si
507 1338 589 1395 refugis
604 1339 675 1394 legere
688 1335 801 1388 itabirium,

107 1398 157 1453 lege
172 1399 327 1439 Hermannum
346 1396 479 1455 Jansensc)
495 1411 561 1457 supra
580 1398 616 1451 §.
619 1406 671 1469 233
684 1410 697 1440 a
716 1406 738 1438 te
755 1395 802 1436 lau-

107 1457 192 1498 datum.
431 1482 433 1484 -

166 1518 200 1556 Ex
214 1512 271 1554 his
264 1526 310 1554 tam
324 1512 448 1569 intelliges.
464 1522 547 1569 quanta
561 1512 650 1555 inscitia
670 1522 708 1554 aut
727 1512 801 1568 impu=

109 1570 200 1619 dentis,
217 1570 307 1612 inflatus
322 1570 428 1626 Magister
443 1580 502 1618 tuus,
518 1585 570 1627 sup
561 1586 583 1612 a
600 1581 648 1616 232.
664 1586 691 1612 ex
705 1569 804 1624 tardiore

107 1630 161 1673 iibri
177 1632 256 1672 Josnae
272 1636 355 1677 aetate,
362 1604 524 1692 adhibitisque
544 1627 683 1670 documentis
705 1625 804 1675 coaevis.

97 1697 233 1742 'suspectam
248 1685 325 1725 reddat
338 1686 418 1727 J‘atnn'-
431 1683 571 1749 aliorumque
585 1685 668 1728 fidem-s
680 1683 799 1738 intelliges,

107 1758 176 1800 quam
191 1741 313 1797 irreligiosa
329 1741 456 1783 criminatio
472 1741 513 1792 sit,
532 1745 638 1785 taeniam
652 1742 750 1798 aliosque
763 1754 801 1781 ve-

106 1804 141 1845 lut
156 1798 310 1866 prodigiorum
324 1800 410 1841 hostem
426 1775 565 1859 prosoiridere
574 1801 653 1866 palam,
669 1815 721 1842 oum
731 1811 803 1841 nemo.-

106 1877 120 1903 ε
134 1857 215 1900 nostris
230 1870 330 1917 unquam
350 1855 462 1898 Mosaicae
480 1855 622 1899 revelationis
644 1857 744 1900 divinam
762 1869 800 1896 au

106 1916 233 1960 ctoritatem
254 1928 265 1954 e
277 1913 392 1978 'prodigiis
407 1913 495 1955 clarius
509 1915 641 1964 ostenderit,
661 1930 729 1973 quam
748 1916 801 1956 Jah-

106 1978 170 2018 nina:
186 1971 307 2037 perspicies
327 1973 419 2013 demum
441 1981 464 2012 et
483 1971 551 2025 illud,
576 1973 710 2030 Magistrum
733 1982 800 2012 tuum

106 2043 157 2099 post
171 2043 240 2074 annos
255 2029 349 2085 triginta
362 2030 466 2071 nondum
479 2043 505 2071 eo
522 2031 660 2096 pervenisse,
682 2039 709 2070 ιιι
730 2029 800 2070 histo·

94 2091 173 2134 riam
179 2087 253 2144 gentis
265 2088 371 2128 hebraeae
387 2087 435 2128 sine
449 2098 555 2143 perpetua
570 2086 681 2144 petitione
691 2084 801 2151 principii

94 2158 187 2192 asserat
202 2155 279 2210 eontra
293 2142 434 2194 incredulos,
450 2145 557 2201 quoniam
577 2142 724 2188 hodiedum
717 2158 742 2184 ιιι
757 2143 800 2186 eri-

106 2207 161 2250 tices
175 2201 254 2260 primis
269 2199 384 2243 elementis
397 2203 479 2258 hospes
492 2213 531 2246 est.
566 2204 632 2244 Plura
652 2204 678 2245 de
693 2201 727 2243 his
747 2201 802 2243 vide

106 2266 373 2317 supraoh170--174
397 2259 479 2308 Crede,
494 2260 526 2300 mi
548 2260 640 2307 Comes,
655 2259 717 2316 prius
731 2259 799 2315 lupus

106 2334 174 2364 ovem
190 2320 256 2360 ducet
270 2331 376 2367 uxorem,
392 2330 460 2374 quam
474 2318 605 2363 calumniari
618 2320 721 2364 tentatam
742 2316 801 2360 desi·

106 2389 146 2461 ιιιι
161 2375 270 2462 Magister
280 2384 340 2418 tuus.
781 2400 783 2404 v

416 2478 421 2489 .
451 2451 501 2490 236.

164 2503 249 2550 Similis
261 2512 295 2545 est
309 2516 335 2544 es
349 2449 488 2553 criminatio,
504 2518 546 2560 qua
562 2502 678 2547 occasione
692 2501 799 2546 transitus

105 2566 261 2610 Hebraeorum
279 2574 320 2617 per
337 2560 414 2605 sinum
433 2560 566 2620 Arabicum,
584 2560 609 2604 in
629 2563 739 2604 Davidem
753 2562 798 2604 Mi-

105 2668 246 2686 p-m
696 2638 698 2641 .

136 2732 160 2780 a)
171 2729 232 2770 Instt.
241 2735 283 2767 vet.
296 2734 344 2766 test.
356 2726 417 2766 Tom.
431 2734 450 2769 2.
462 2721 480 2775 §L
498 2734 547 2769 102.
562 2737 610 2780 pag.
622 2733 672 2770 215,
702 2724 724 2776 b)
735 2727 797 2765 Tota.

165 2796 185 2830 ι.
195 2801 243 2841 pag.
253 2794 273 2827 t.
282 2783 323 2830 Ed.
332 2785 421 2828 Havete.
451 2782 472 2840 c)
482 2783 563 2829 Introd.
575 2785 635 2827 Tom.
648 2793 667 2829 1.
675 2784 692 2841 §.
702 2783 798 2828 XXXIV.

163 2860 211 2900 pag.
225 2851 275 2890 270.
