1686 3135
380 168 539 213 -355—

114 304 181 335 versu
197 300 230 335 23.
254 301 300 331 non
321 302 373 345 ergo
397 288 436 329 ille
457 287 578 344 percussit,
593 290 643 334 {sed
663 287 812 346 nescioquis

116 348 228 392 auxiliaris
247 348 325 399 lictor,
346 349 418 387 bonus
440 361 468 388 an
493 347 584 388 malus?
622 349 666 389 Sed
686 349 729 389 isto
755 361 812 403 quo-

115 422 159 465 que
174 420 213 447 vos
230 405 386 461 exuam-quia
402 405 428 445 de
443 406 485 445 hac
501 414 572 460 strage
589 404 671 446 dicitur
686 404 711 445 in
721 405 812 461 Sapienss

115 467 159 508 tia:
190 466 356 518 „Onutipotens
372 479 441 505 sermo
456 472 507 503 tuus
526 464 619 504 exiliens
637 465 664 502 de
681 465 768 507 coeloe
780 479 812 504 re·

114 523 203 580 galileus
215 523 314 569 sedibus,
330 523 399 563 durus
411 520 545 569 debellator,
562 523 585 563 iu
596 522 690 563 medium
706 525 813 562 exterrui-

115 586 149 626 nii
160 592 243 623 terrum
253 582 392 635 prosilivit&
411 590 449 630 13,
466 590 500 625 15.
529 578 553 621 Si
569 589 644 621 autem
659 580 723 621 vobis
739 579 812 635 placet

108 638 155 698 ¹per
172 641 344 693 omnipotentem
360 646 490 688 sermonem,
507 637 546 692 qui
568 644 625 693 loyce
642 636 739 683 dicitur,
762 638 811 678 Dei

108 699 182 762 filium
199 695 332 751 intelligere,
354 694 462 751 quoniam
488 710 537 736 eam
558 710 636 737 vocem
661 694 694 736 sic
718 703 811 751 usurpat

113 761 278 801 loannes‚non
294 767 407 808 repugn03
423 753 461 794 sed
477 764 526 794 tum
542 752 634 804 dabitis,
654 756 698 806 jam
720 753 747 794 ad
769 762 811 793 ter-

112 813 172 855 tium
186 804 363 867 confugiendum
379 823 425 852 esse
439 810 516 867 stragis
532 821 658 859 auctorem,
674 823 811 868 quamquam

113 869 241 912 evidentius
256 878 300 920 est,
316 881 383 924 quam
400 878 425 908 ut
442 882 522 925 negare
536 869 635 923 possitis,
651 871 693 909 hoc
708 869 757 909 lo'co
770 882 811 908 nu.

113 930 164 971 dam
190 925 376 982 prosopopoeiam
396 939 441 967 esse
463 924 535 966 divini
556 925 644 966 decreti.
681 925 738 981 Quis
758 937 810 980 ergo

111 983 231 1043 percussit,
248 983 331 1026 Pater?
347 981 433 1025 Filius?
448 982 531 1023 lictor?
547 995 575 1023 an
591 983 724 1025 decretum?
754 982 811 1026 Vide

113 1057 179 1099 ergo,
194 1039 226 1082 mi
248 1041 341 1091 Comes,
356 1051 383 1081 ut
397 1040 504 1097 Magister
519 1049 570 1082 tuus
585 1041 660 1081 nullus
678 1043 811 1082 hermeneu-

113 1110 136 1143 ta
158 1111 203 1150 est,
222 1109 249 1140 ut
269 1098 307 1140 ille
328 1099 353 1140 in
380 1098 463 1140 cortice
478 1108 500 1140 et
514 1096 616 1154 apicibus
631 1100 733 1145 haereat,
749 1110 775 1139 ut
789 1096 810 1139 is

113 1159 141 1201 ad
155 1159 199 1199 hoc
213 1167 278 1199 natus
293 1156 410 1213 factusque
426 1168 466 1204 est,
481 1166 508 1198 ut
522 1156 640 1198 ridiculam
652 1139 752 1199 l10stibus
762 1155 812 1200 rede

113 1217 151 1258 dat
167 1214 307 1270 scripturam.

170 1275 209 1313 Tu
228 1287 294 1326 ergo,
316 1272 349 1313 mi
365 1277 458 1326 Comes¹
477 1271 496 1313 si
520 1270 575 1328 quid
594 1286 659 1327 supra
675 1272 809 1328 Magistrum

112 1345 187 1386 spere
203 1329 262 1385 potis
277 1344 316 1381 es,
327 1330 553 1386 anthropomorphica
569 1332 624 1370 haec
638 1344 684 1370 esse
700 1330 810 1379 existima,

110 1341 154 1445 ricc
169 1387 234 1429 nobis
249 1386 341 1442 quidem
356 1401 446 1443 prorsus
459 1386 572 1435 inusitata,
588 1389 642 1427 dum
659 1389 686 1429 de
700 1386 809 1443 peculiari

112 1446 212 1503 quodam
226 1444 308 1486 effectu
323 1445 438 1501 loquimur
447 1476 459 1493 ,,
469 1455 552 1501 quanto
568 1445 639 1500 magis
655 1444 753 1501 antiquis
774 1460 811 1485 ru·

113 1502 222 1545 dioribus.
252 1504 386 1558 Exemplum
402 1501 477 1558 accipe
492 1517 519 1544 ex
529 1505 598 1554 lsaja3
615 1502 767 1557 descripturus
777 1515 811 1543 ca·

112 1560 235 1604 lamitstem
253 1560 345 1616 Aegypti
362 1558 402 1600 ait:
433 1563 493 1600 Eece
509 1561 611 1600 dominus
627 1561 729 1601 ascendet
744 1574 811 1612 super

112 1619 193 1663 medem
204 1619 311 1668 velocem,
327 1627 351 1658 et
360 1618 497 1671 ingredietur
507 1622 640 1673 Aegyptum
655 1643 684 1650 -
699 1620 741 1661 hoc
753 1617 808 1673 quid

112 1677 153 1723 sit,
168 1676 287 1726 subjuncta
303 1675 396 1724 decenn
413 1674 503 1716 dissidia
519 1689 601 1731 nempe
622 1674 754 1722 domestica,
770 1688 810 1715 no.

111 1747 202 1776 morum
224 1746 359 1778 concursus,
382 1733 454 1774 donec
474 1734 564 1775 tandem
587 1747 663 1774 omnes
684 1731 774 1785 subjicit
789 1738 809 1775 v.

109 1800 132 1838 ’4.
147 1790 252 1831 dominus
267 1789 370 1841 crudelis,
386 1789 424 1845 qui
439 1789 560 1847 imperium
575 1791 680 1841 obtinuit,
696 1794 810 1832 Psamme-

110 1852 192 1894 tichus.
223 1847 306 1889 Confer
320 1849 375 1888 Psal.
394 1858 428 1892 17.
444 1859 467 1889 et
481 1848 568 1889 videbis
583 1859 655 1890 totum
669 1858 760 1889 naturae
773 1862 811 1888 or-

110 1907 190 1949 dinem
206 1904 314 1957 convelli,
327 1903 399 1948 donec
414 1902 503 1947 tandem
517 1920 538 1945 v.
555 1916 589 1951 117.
605 1921 617 1946 e
633 1906 730 1947 nubibus
745 1910 809 1948 Deus

110 1977 205 2007 manum
220 1961 326 2019 porrigit,
343 1974 364 2004 et
379 1965 492 2005 Davidem
508 1979 519 2004 e
534 1964 639 2004 fluctibus
655 1962 727 2018 cripit.
762 1965 810 2004 Nec

111 2034 187 2064 tamen
210 2023 265 2062 haec
286 2031 308 2062 et
329 2020 411 2062 similia
432 2022 549 2078 quisquam
570 2021 666 2077 prudens
689 2021 715 2060 ad
731 2021 809 2062 vivum

110 2089 208 2129 resecat,
223 2079 261 2120 sed
276 2093 316 2134 pro
333 2089 414 2120 ornatu
428 2079 536 2120 orationis
551 2080 624 2127 habet,
640 2092 684 2134 quo
702 2077 807 2120 beneficii

109 2136 244 2192 magnitudo
261 2136 356 2191 amplius
371 2137 451 2179 luceat.
491 2137 528 2179 Sic
544 2150 596 2190 ergo
612 2149 701 2190 prorsus
715 2136 740 2176 in
756 2139 809 2187 Deo

110 2206 189 2250 patre,
206 2203 245 2235 aut
260 2196 339 2250 ortgelo
354 2204 462 2236 vastatore
482 2194 578 2236 liberum
599 2193 640 2241 tibi
662 2204 694 2236 est
714 2194 741 2234 ad
762 2194 809 2237 mo-

112 2254 167 2293 dum
187 2252 220 2293 rei
243 2252 400 2307 explicandum
419 2266 507 2295 eausam
530 2251 666 2308 probabilem
689 2250 714 2292 in
730 2263 810 2296 natura

112 2323 229 2367 quaerere,
247 2308 302 2365 quin
316 2310 400 2351 factum
416 2310 492 2365 ipsum
509 2308 663 2365 prodigiosum
683 2323 731 2351 esse
754 2310 809 2352 desi-

110 2380 164 2409 nat:
188 2366 232 2408 nisi
253 2367 310 2408 forte
329 2368 389 2408 inter
408 2370 481 2425 plagas
501 2377 583 2408 ceteras
608 2367 718 2423 Aegypti,
742 2378 764 2409 et
783 2364 808 2411 in

110 2423 207 2465 transitu
228 2439 267 2480 per
286 2438 359 2472 mare,
380 2437 489 2474 ventum,
513 2438 587 2473 ranas,
614 2425 807 2481 grandinemetc.

110 2481 241 2523 immediate
261 2498 273 2523 e
295 2482 377 2523 throno
392 2480 435 2525 Dei
455 2482 542 2525 venisse
557 2492 633 2538 putas,
649 2484 711 2539 quod
731 2484 809 2539 suapte

110 2539 234 2581 ridiculum
249 2550 288 2583 est.

429 2636 448 2683 §.
477 2642 526 2677 230.
559 2675 561 2677 .

168 2713 198 2753 Ut
217 2711 309 2753 demum
333 2711 455 2769 intelligas,
477 2726 544 2768 quam
570 2710 665 2769 turpiter
686 2712 809 2754 mentiatur

109 2768 232 2823 Magister,
250 2771 304 2810 dum
319 2778 386 2826 negat
401 2772 424 2811 in
440 2770 549 2828 prodigiis
565 2784 611 2812 esse
626 2773 707 2812 Jeizirio
723 2771 809 2826 primo-

108 2827 236 2883 genitorum
258 2838 281 2870 et
303 2826 455 2871 senacheribii
485 2828 593 2870 exercitus
621 2838 729 2885 stragem,
756 2827 809 2870 audi
