1686 3135
97 283 159 332 juvat
174 286 196 319 et
211 276 287 323 dolus.
303 290 349 318 non
364 289 435 316 vanus
454 274 586 327 Magistrum
607 287 681 318 metus
694 273 805 325 tenebat}-

97 352 126 378 ne
140 336 219 377 ultima
235 336 301 376 eriam
315 348 374 390 quae
389 335 482 373 obscuro
495 334 521 372 in
539 334 619 388 angulo
640 335 712 375 adhuc
728 334 794 375 mica·

96 397 133 437 bat
148 390 230 449 gloriae
253 392 333 432 veteris
357 389 465 430 scintilla.
489 389 548 429 breui
569 402 707 432 evanesceret
722 392 793 434 >huius

96 450 150 493 novi
178 451 231 490 solis
254 450 346 503 fulgore.
381 447 405 487 Id
428 461 456 488 ne
477 446 552 496 fieret,
571 461 680 502 quaenam
696 449 719 489 in
736 451 794 490 laa-

97 513 170 558 ninm.
186 522 266 563 meque
283 505 427 560 Collegasque
444 513 506 558 capta
523 505 569 544 sint
584 504 683 554 consilia,
699 507 718 547 si
734 505 792 562 potis

97 583 120 613 es
134 567 213 609 audire
227 577 317 611 verum,
333 561 420 618 liquido
435 560 553 618 intelliges.

406 657 424 705 t·
457 662 476 698 a.

153 731 255 777 Primum
270 732 360 774 illorum
378 733 404 773 de
420 732 485 774 trivio
499 744 598 774 sumtum
614 744 659 785 est,
680 746 731 777 cum
753 731 791 777 ille
826 779 827 783 ,

93 794 120 838 in
136 807 228 851 pravum
243 806 333 832 sensum
350 792 411 831 torsit
426 792 525 831 innocua
542 792 599 832 dieta
614 794 698 836 Jaanti,
719 796 791 835 Probe

94 852 155 896 enim
172 849 243 895 novit,
258 847 290 889 mi
307 849 394 893 Comes,
412 847 518 904 Magister
532 858 595 895 tuus,
612 866 624 891 e
646 863 734 892 centnm
750 848 791 893 'uix

92 909 189 952 unicum
211 905 258 946 lore
280 908 410 951 lectorem,
431 902 470 958 qui
498 905 554 946 dicta
569 921 617 956 *suo
638 907 661 947 in
684 918 790 957 contextu

92 974 217 1020 comparet„
232 962 271 1019 qui
287 975 378 1016 scopum
396 961 511 1003 scribentis
527 964 649 1017 expendat,
671 976 692 1005 et
714 966 790 1005 adver—

89 1022 202 1066 sariorum
222 1019 285 1061 norit
303 1031 432 1073 systemata,
460 1019 541 1076 quibus
561 1019 599 1061 illa
620 1021 724 1078 opposita
743 1022 789 1063 fue-

91 1091 151 1124 runt.

151 1138 249 1178 Alterum
274 1136 299 1176 ab
320 1133 404 1191 insigni
426 1132 551 1176 temeritate
575 1136 720 1178 'memorabile
743 1145 786 1187 est,

86 1211 144 1240 eum
160 1194 209 1237 ille,
227 1207 283 1248 quae
299 1203 372 1248 aperte
388 1204 409 1233 et
424 1192 541 1248 perspicue
557 1195 732 1235 aduersariorum
748 1209 789 1246 no-

89 1254 152 1297 mine
173 1251 240 1291 relata
262 1261 324 1295 sunt,
340 1249 365 1288 in
381 1264 430 1295 eos,
451 1252 489 1304 qui
513 1250 652 1298 retulissent,
673 1261 787 1307 tamquam

86 1313 149 1353 ‘dicta
173 1318 194 1348 ct
215 1322 276 1348 sensa
296 1306 384 1362 propria
404 1307 505 1348 contulit
540 1308 670 1349 Incredibile
690 1319 734 1354 est.
754 1309 787 1350 mi

84 1370 177 1411 (lomes.
194 1380 260 1422 quarn
276 1365 314 1404 hic
329 1363 352 1403 in
365 1364 481 1405 manifesto
501 1364 618 1405 mendacio
633 1375 733 1407 teneatur
745 1368 788 1409 iste

87 1426 197 1479 Magister
213 1432 279 1470 tuns,
295 1435 346 1462 cum
363 1420 467 1462 homines
483 1421 507 1461 in
523 1421 620 1462 Ecclesia
637 1433 700 1463 natos
715 1424 787 1464 nutri.

86 1495 182 1537 rosque,
203 1480 240 1535 pie
257 1489 279 1519 et
293 1479 401 1519 carriolice
417 1493 427 1519 a
451 1478 533 1517 teneris
550 1479 626 1519 doctos
635 1481 785 1536 eductosque,

89 1542 159 1583 velint
181 1536 264 1581 nolint,
286 1534 345 1590 cogit
361 1550 410 1576 'esse
429 1536 563 1581 haereticos,
586 1546 607 1576 et
626 1536 692 1577 fidem
721 1552 786 1594 prae.

89 1609 146 1639 stare
162 1596 223 1646 jubet
237 1593 361 1639 dictorum,
374 1592 444 1634 etiam
461 1606 518 1648 quae
532 1593 604 1634 alieno
620 1594 712 1636 nomine
728 1606 787 1637 retu-

83 1655 171 1697 lissent.
389 1702 391 1708 y

147 1713 173 1751 ln
189 1707 253 1750 tertio
266 1707 385 1750 ‘miraberis
396 1706 547 1749 dexteritatem
559 1708 665 1765 Magistri.
681 1710 719 1765 qui
727 1721 785 1753 cum

87 1772 160 1813 lubet.
184 1767 247 1808 nullo
269 1766 359 1821 negotio
383 1779 528 1822 quoscunque
549 1766 639 1807 lihitum
656 1777 700 1818 est,
716 1783 728 1809 e
743 1774 784 1813 Ca-

87 1826 170 1869 tholica
186 1824 281 1865 extrudit
300 1824 402 1864 Ecclesia.
433 1824 494 1863 Facit
506 1822 532 1862 id
555 1822 639 1879 insigni
661 1825 703 1865 hoc
718 1839 783 1866 com·

86 1883 178 1942 pendia„
211 1881 319 1937 Quisquis
337 1878 385 1921 eius
401 1879 491 1936 strignsa
508 1879 639 1935 impuraque
654 1892 784 1937 argumenta

85 1952 165 1996 negat,
179 1940 259 1996 quibus
275 1939 311 1980 ille
326 1947 399 1978 no-:rra
416 1952 428 1978 e
447 1939 491 1979 Vet.
511 1938 608 1978 Foedere
624 1951 716 1980 asserere
733 1949 784 1981 ‘ten-

85 2011 118 2042 tat
147 1999 261 2049 dogmata.
280 1997 345 2037 hunc
366 1996 384 2035 si
405 1995 469 2036 illum
486 1993 561 2040 audis.
584 1996 659 2036 eadem
679 1995 724 2052 ipsa
741 2011 784 2037 ne<

85 2072 137 2116 gare
158 2048 224 2096 etiam
245 2054 347 2110 dogmata
362 2063 448 2094 certum
464 2062 508 2100 est;
527 2051 635 2109 quoniam
655 2052 784 2095 firmissime·

84 2127 213 2170 persuasum
229 2113 301 2169 habet.
317 2124 362 2151 non
379 2110 453 2151 minus
467 2120 524 2151 certa
541 2124 586 2149 esse
602 2110 625 2150 id
641 2124 710 2164 genus
723 2124 783 2152 corn.

83 2183 159 2213 menta
179 2183 313 2223 sua„¹quam
326 2166 374 2222 ipsa
389 2167 434 2207 sint
455 2168 556 2221 dogmata
578 2166 707 2208 certissima
743 2177 782 2209 at-

84 2243 129 2284 que
144 2227 199 2268 hinc
217 2227 274 2268 illud
292 2235 335 2273 est,
350 2234 376 2263 ut
391 2238 437 2264 non
451 2223 518 2264 facile
534 2236 668 2279 quemquam
685 2225 783 2279 reperias

84 2286 139 2326 huic
154 2298 228 2340 parem
245 2281 369 2324 constantia
391 2280 415 2320 in
435 2279 553 2326 omnihus.
573 2294 720 2338 quaecunque
739 2295 782 2324 suo

84 2342 223 2397 concepisset
249 2342 339 2385 animo,
372 2339 478 2394 quoniam
510 2350 554 2378 nou
583 2338 705 2394 quidquam
739 2354 780 2381 un-

84 2413 150 2454 quam
170 2395 282 2454 concipit,
303 2394 365 2454 quod
377 2408 426 2437 non
448 2392 590 2438 verissimum
604 2396 779 2439 sanctissimum.-

81 2470 126 2514 que
141 2465 181 2502 sat!

396 2547 414 2596 ξ.
445 2551 464 2588 tlt

140 2627 262 2680 Quartum,
278 2624 384 2680 quoniam
401 2623 476 2679 paucis
493 2623 599 2679 explicari
613 2623 776 2670 dilucidenon

80 2694 158 2741 potest.
177 2683 242 2738 paulo
259 2683 322 2723 altius
339 2682 444 2724 exordiar,
475 2683 570 2730 Tantus,
586 2683 617 2723 mi
636 2685 724 2732 Comes,
742 2700 777 2727 re.

78 2756 130 2783 rum
148 2740 288 2792 mysticarum
303 2739 422 2780 demirator
438 2737 480 2779 luit
495 2741 604 2795 Magister
619 2749 671 2781 tuus
693 2742 747 2782 inde
761 2756 778 2782 av

76 2796 211 2856 primordio,
241 2809 265 2840 ur
281 2797 320 2842 illi
340 2796 452 2853 mysteriis
475 2811 522 2841 non
542 2807 636 2854 vacent,
654 2797 699 2856 ipsi
719 2800 775 2843 ades
