1686 3135
310 162 467 205 —ttt-

3 272 5 277 .
40 284 177 337 serrallmoel
204 283 280 327 omnia
301 283 338 325 illa
354 280 470 324 'infantilis
488 288 605 337 exegeseos
631 289 736 335 monstra,

1 349 6 397 ζ
42 352 69 392 de
82 345 211 400 spiratione
224 353 245 386 et
254 340 329 400 statu,
350 342 377 381 cle
394 340 462 380 verbo
483 342 525 381 Det
539 348 561 379 et
577 341 738 396 berninumpet

41 422 79 453 nee
91 404 140 446 Dei
149 418 187 444 nec
198 404 309 445 horridum
322 404 340 451 §.
353 408 406 444 ¹148.
422 397 447 438 in
462 396 561 438 nihilum
575 396 686 443 recidunt·

361 495 380 542 §.
410 499 459 535 155.

1 613 2 616 ,
98 573 201 629 Sequeris
216 569 302 627 figitur,
320 568 352 610 mi
378 573 472 620 Comes,
498 569 624 623 exemplum
647 572 741 625 Christis

2 627 3 663 Ῐ
43 637 61 680 ei
76 634 102 674 de
123 632 165 671 hac
185 643 209 670 re
230 639 326 669 statuere
347 628 408 669 voles
429 627 557 682 prudenter.
593 630 613 669 ts
634 628 689 684 quid
710 631 740 672 de

43 691 149 745 scriptura
163 686 252 732 sentiat,
269 685 340 726 tribus
357 683 429 726 verbis
445 683 515 725 edixit
525 699 584 732 „uon
594 696 670 741 potest
679 689 741 730 solvi

1 759 3 781 J
43 754 155 802 scriptura
167 744 215 800 α),“
230 742 308 792 idest,
324 743 382 784 dicta
400 742 449 782 eius
467 755 519 782 vera
535 756 581 784 esee
596 759 686 787 neeesse
698 757 740 798 est,

42 805 103 852 omni
124 802 218 844 falsitate
239 813 330 842 remota.
364 798 408 847 lSic
429 809 549 840 senserunt
563 814 640 842 omnes
660 803 741 845 ludaei

42 861 110 923 parati
125 875 165 916 pro
179 858 242 900 libris
257 859 315 899 mori
330 854 411 914 potius,
428 870 495 913 quam
511 856 635 914 quidquam
643 870 739 909 mutare,

42 934 112 976 eoque
128 915 218 958 Flavius
233 918 338 972 Iosephus
354 929 390 961 eos
404 923 471 955 vocat
484 920 534 957 decu
545 921 627 970 βίβλια,
647 918 739 960 divinos

42 981 109 1025 libres
119 978 153 1028 b),
169 991 214 1030 ispe
231 990 341 1030 ypappuru
356 989 434 1014 suctus
451 973 529 1015 literas
542 978 570 1028 c).
604 975 739 1018 Doctrinam

42 1034 133 1082 veroin
154 1033 182 1072 iis
203 1042 329 1073 contentam
349 1038 388 1074 dee
400 1034 491 1085 δόγματα
508 1033 557 1073 Dei
573 1043 692 1089 praerepta
703 1035 740 1089 d).

41 1101 93 1139 Erat
117 1100 192 1131 autem
213 1090 320 1143 Iosephus
343 1089 456 1137 sacerdos,
485 1088 608 1145 templique
627 1090 740 1140 minister,

41 1149 148 1206 Magistro
165 1157 204 1187 tuo
219 1146 280 1185 haud
295 1147 362 1200 paulo
379 1143 466 1186 doctior
483 1156 504 1186 et
514 1145 646 1202 religiosior.
676 1151 741 1189 Dum

43 1223 93 1264 ergo
109 1205 191 1247 Paulus
215 1204 242 1244 ad
264 1203 411 1245 Timotheum
425 1201 514 1255 judaice
529 1203 656 1257 educatum,
673 1215 695 1248 et
712 1206 741 1246 ab

40 1263 135 1309 infantia
149 1261 174 1302 in
189 1261 223 1301 his
239 1259 300 1303 libris
315 1259 451 1308 exercitum,
476 1274 565 1316 prorsus
585 1272 611 1302 ut
631 1265 742 1319 Iosephus
785 1263 789 1266 ’

41 1324 83 1366 ait:
100 1336 265 1377 repaypuppuru
279 1321 336 1367 ardue
348 1331 425 1359 sacrus
441 1319 520 1359 literas
536 1323 610 1369 norti;
624 1322 688 1372 dum
703 1328 738 1362 as-

40 1380 99 1428 serit,
114 1394 171 1420 nucu
183 1393 249 1432 γραφη
260 1383 384 1423 destruesque
404 1378 474 1417 omnis
491 1378 609 1431 scriptura.
620 1381 742 1434 'inspirata

41 1449 81 1481 etc.
101 1437 145 1477 nisi
166 1434 259 1475 omnino
280 1444 396 1490 receptum
417 1446 484 1474 usum
504 1434 613 1489 loquendi
633 1436 739 1485 deseruit,

41 1498 67 1537 de
82 1494 145 1535 libris
158 1491 215 1542 iltis,
236 1491 298 1547 quod
312 1489 423 1532 universis
438 1489 614 1545 contribulibus,
634 1494 696 1535 idern
716 1504 740 1534 et

41 1553 82 1596 sibi
97 1562 226 1608 persuasum
242 1563 288 1592 esse
308 1546 400 1589 indicat.
437 1551 510 1590 Locus
532 1563 584 1603 ergo
607 1551 671 1593 Pauli
692 1566 741 1593 orn-

41 1610 132 1652 niruode
148 1616 287 1661 opportunus
304 1616 336 1648 est
351 1607 478 1647 asserendae
500 1605 591 1649 divinae
610 1608 740 1650 auctoritati

41 1669 163 1716 librorum,
186 1664 225 1703 sed
245 1678 291 1705 non
312 1662 409 1704 inficetis
431 1662 564 1705 commentis
587 1665 703 1722 Magistri,
726 1680 740 1707 u

42 1724 134 1780 quibus,
157 1721 176 1762 si
199 1719 287 1773 devies,
309 1720 415 1762 ecclesiae
435 1721 540 1774 abjecisse
561 1721 687 1765 doctrinam
708 1723 741 1765 vi·

43 1783 120 1823 deeris.
572 1783 574 1786 ’

98 1838 215 1893 Explicato
231 1837 277 1878 iarn
292 1837 356 1878 Pauli
370 1838 436 1885 loco,
453 1837 519 1878 chaos
533 1837 635 1894 Magistri
655 1837 690 1879 tui
710 1852 739 1881 eo

41 1896 109 1954 magis
126 1893 253 1944 evanescit,
270 1894 413 1951 quodetiam
432 1894 575 1936 temerarium
596 1908 618 1938 et
637 1896 740 1938 alienum

41 1970 53 1996 a
69 1952 186 2010 prudentia
206 1962 249 2000 est,
273 1968 298 1993 ex
318 1951 386 1992 unica
405 1962 472 2002 voce,
491 1961 514 1992 et
533 1952 624 2007 quidem
644 1953 737 2009 tropica,

41 2011 149 2053 theoriam
165 2009 323 2056 comminisci,
340 2008 429 2051 divinae
442 2008 534 2051 virtutis
550 2020 571 2049 et
585 2010 739 2054 inscrutabilis

41 2067 177 2124 operationis
196 2068 302 2113 moduni.
326 2066 386 2106 haud
406 2080 468 2108 secus
489 2080 515 2108 ac
534 2068 739 2123 physicacorpora
761 2088 762 2091 ¹

41 2126 64 2167 in
79 2128 186 2180 longum,
201 2125 270 2166 latum
287 2134 309 2165 et
324 2122 463 2178 profundum
480 2122 590 2179 dimetiri;
610 2122 657 2182 ejus
678 2126 740 2166 limi.

41 2193 84 2231 tes.
106 2193 128 2225 et
148 2182 240 2224 effectus
262 2184 324 2224 velut
344 2180 368 2221 iu
388 2182 463 2222 tabula
485 2179 620 2231 describere,
641 2193 663 2224 et
676 2192 739 2225 tanta

42 2241 176 2282 confidentia
193 2241 311 2281 obtrudere
326 2238 389 2285 aliis,
410 2249 436 2279 ut
455 2238 527 2295 ipsam
547 2242 606 2282 hanc
626 2242 738 2282 ludicram

43 2297 167 2354 explicandi
193 2296 304 2339 rationein
329 2295 401 2338 nihilo
428 2297 517 2339 minore
542 2297 586 2339 fide
611 2313 636 2341 ac
661 2299 738 2354 ipsum

43 2356 122 2411 dogma
139 2355 273 2396 credendum
290 2354 330 2396 sit!
353 2359 368 2406 §.
385 2365 433 2400 166.
471 2356 578 2398 Obsecro!
598 2359 631 2398 mi
651 2362 738 2405 Comes.

42 2426 136 2453 sanusne
152 2416 183 2454 e'st
197 2412 303 2467 Magister
319 2423 382 2463 tuus,
407 2412 446 2468 qui
467 2412 512 2453 nisi
533 2414 674 2457 consiliarius
694 2415 740 2457 Dei

43 2478 88 2519 est,
106 2471 166 2511 unde
187 2472 241 2510 haec
261 2484 340 2511 arcana
358 2468 453 2512 didicit?
489 2470 540 2513 Nec
562 2473 675 2523 Christus,
695 2487 740 2514 nec

42 2528 146 2580 apostoli,
167 2542 209 2569 nec
231 2524 352 2583 prophetae
371 2528 463 2570 verbulo
480 2543 505 2570 ca
524 2530 676 2585 protulerunt,
695 2544 740 2572 nec

41 2581 113 2626 Patres
135 2584 217 2627 similia
238 2599 339 2642 unquam
361 2584 425 2627 aliter
442 2598 593 2643 usurparunt,
618 2601 685 2643 quam
712 2599 739 2630 ut

42 2684 179 2696 Q———w—

70 2758 94 2807 a)
104 2756 151 2800 Joh.
165 2767 204 2807 to,
226 2766 260 2803 35.
295 2758 321 2812 b),
332 2758 391 2800 Flar,
405 2758 486 2813 Joseph
503 2762 569 2800 contr.
578 2761 664 2816 Apion.
677 2762 704 2805 L.
717 2771 737 2809 1.

96 2818 114 2866 §.
131 2825 150 2862 6.
180 2819 200 2866 c)
212 2816 264 2862 ibid.
275 2817 293 2872 §.
307 2816 348 2863 110(
371 2817 393 2869 d)
404 2817 453 2860 ibid.
465 2819 482 2867 §v
494 2823 515 2861 Β,
